=LDR  02062aam a2200265   4500
=001  824
=008  211117s1790\\\\|||af|||\||||\00|\0\fre\d
=041  \\$afre
=100  \\$aOzanam, Jacques$d1640-1718$4aut$1http://www.wikidata.org/entity/Q378060$95544
=245  \\$aRécréations mathématiques et physiques
=260  \\$aParis$bDidot$c1790
=300  \\$a4 vols. (xviii-[ii]-464+432+463+523 pages)$b19+28+29+8 folded sheets 
=500  \\$aJacques Ozanam (1640-1718) was a French mathematician
=504  \\$aEach of the four volumes includes an index
=505  \\$gTome premier: Contenant l'arithmétique et la géométrie -- Tome deuxième: Contenant la mécanique et l'optique avec l'acoustique et la musique -- Tome troisième: Contenant l'astronomie, la géographie, le calendrier, la navigation, l'architecture et la pyrotechnie -- Tome quatrième: Contenant la physique et en particulier les phénomènes du magnétisme, de l'électricité et de la chimie
=648  \0$a17th Century (1601-1700)$1http://www.wikidata.org/entity/Q7016$920923
=650  \0$aMathematics$1http://www.wikidata.org/entity/Q395$922612
=650  \0$aMusic theory$1http://www.wikidata.org/entity/Q193544$92662
=651  \0$aParis (France)$1http://www.wikidata.org/entity/Q90$9160
=942  \\$cBOO
=952  \\$00$10$2ddc$3vol. 1$40$6KTS_1_000000000000000_C1_50_04G01$70$8RAR$9824$aORPH$bORPH$cKTS1_C1$d2020-07-08$eKoopman$oKTS1 C1.50 04G01$p20137740$r2021-01-12 00:00:00$w2021-01-12$yBOO
=952  \\$00$10$2ddc$3vol. 2$40$6KTS_1_000000000000000_C1_50_04G02$70$8RAR$920971$aORPH$bORPH$cKTS1_C1$d2020-07-08$eKoopman$l0$oKTS1 C1.50 04G02$p20137737$r2021-11-17 00:00:00$w2021-01-12$yBOO
=952  \\$00$10$2ddc$3vol. 3$40$6KTS_1_000000000000000_C1_50_04G03$70$8RAR$920972$aORPH$bORPH$cKTS1_C1$d2020-07-08$eKoopman$l0$oKTS1 C1.50 04G03$p20137738$r2021-11-17 00:00:00$w2021-01-12$yBOO
=952  \\$00$10$2ddc$3vol. 4$40$6KTS_1_000000000000000_C1_50_04G04$70$8RAR$920973$aORPH$bORPH$cKTS1_C1$d2020-07-08$eKoopman$l0$oKTS1 C1.50 04G04$p20137739$r2021-11-17 00:00:00$w2021-01-12$yBOO
=999  \\$d824

