=LDR  14379aam a2202641   4500
=001  832
=008  210914s1786\\\\\\\|||||\d|||\00|\0\dut\d
=041  \\$adut
=245  \\$aVerhandeling over de muziek
=260  \\$aThe Hague$bKlis$c1786
=300  \\$a[viii]-379 pages$b4 folded pages engraved, musical examples
=336  \\$aprinted
=500  \\$afirst published in 1772?
=500  \\$amain part concerning "how to bring the keyboard instruments to perfection, with a description of a newly invented harpsichord, on which all possible sounds are pure..."
=590  \\$aWaer in men tracht, de zelve tot meerder klaerheit te brengen, ...ten welken einde, Het rechte gebruik der nooten, sleutels, maet- en andere tekenen wordt opgegeven, ... als mede Hoe men de clavier-instrumenten tot volkoomenheit kan brengen, met eene beschryving van een nieuw uitgevonden klavesimbel, waer op alle moogelyke klanken zuiver zyn, en Eindelyk is achter deeze verhandeling gevoegt eene lyst van konstwoorden der muziek, geschikt volgens het A, B, C; benevens een blatwyzer, en 8 plaeten
=648  \0$a18th Century (1701-1800)$1http://www.wikidata.org/entity/Q7015$920899
=650  \0$aMusic theory$1http://www.wikidata.org/entity/Q193544$92662
=650  \0$aOrganology$1http://www.wikidata.org/entity/Q899293$921400
=650  \0$aDictionary$1http://www.wikidata.org/entity/Q23622$921580
=650  \0$aHarpsichord$1http://www.wikidata.org/entity/Q81982$92125
=651  \0$aNetherlands$1http://www.wikidata.org/entity/Q55$1http://www.wikidata.org/entity/Q29999$9173
=653  \0$a(in)égal(e)$3323$020137750$w04G14$928346
=653  \0$aa =$3200, 286, 294, 304, 353$020137750$w04G14$928388
=653  \0$aaccentuatie in maat$323, 216$020137750$w04G14$928445
=653  \0$aad lib bezetting$3294$020137750$w04G14$928466
=653  \0$aadagio$3275, 279, 280, 314$020137750$w04G14$928477
=653  \0$aafwisseling$3287, 293$020137750$w04G14$928514
=653  \0$aalla breve$3286$020137750$w04G14$928599
=653  \0$aallemande$3278, 312$020137750$w04G14$928608
=653  \0$aandante$3275, 277, 278, 279, 280, 285, 307, 316$020137750$w04G14$928683
=653  \0$aangloise$3279$020137750$w04G14$928701
=653  \0$aapollon$3280$020137750$w04G14$928732
=653  \0$aappoggiatura$399, 100, 101, 102, 103, 280, 331$020137750$w04G14$928737
=653  \0$aarpeggio$395, 281, 309$020137750$w04G14$928797
=653  \0$aartikulatie$390, 91, 297, 307, 340, 345, 353, 356$020137750$w04G14$928817
=653  \0$aassai$3275, 277, 281, 307$020137750$w04G14$928838
=653  \0$abarok = $3281$020137750$w04G14$929092
=653  \0$aBlankenburg, Quirinus van $314, 40, 107, 114, 115, 116, 117, 160$020137750$w04G14$929620
=653  \0$ablokfluit$3283, 300, 304$020137750$w04G14$929645
=653  \0$abasso continuo$3268, 274, 325, 335, 350$020137750$w04G14$929163
=653  \0$aboekprijs$3tp, 89$020137750$w04G14$929701
=653  \0$aboogvibrato (puntjes onder een boogje)$391$020137750$w04G14$929772
=653  \0$abourrée$3284$020137750$w04G14$929844
=653  \0$abranle$3285$020137750$w04G14$929886
=653  \0$aBrossard, S. de$3105$020137750$w04G14$929962
=653  \0$acadens$389, 286, 292$020137750$w04G14$930106
=653  \0$acastraten$3288$020137750$w04G14$930282
=653  \0$achaconne$3290, 328$020137750$w04G14$930385
=653  \0$amuziekautomaten$3341$020137750$w04G14$935067
=653  \0$acon discretione$3292, 298$020137750$w04G14$930648
=653  \0$acontradans$3293$020137750$w04G14$930697
=653  \0$aCorelli, A.$327$020137750$w04G14$930736
=653  \0$aoratorium$3325$020137750$w04G14$935450
=653  \0$acourante$3294$020137750$w04G14$930805
=653  \0$acrescendo / decrescendo$3294, 296, 303$020137750$w04G14$930844
=653  \0$aorgelregistratie$3330$020137750$w04G14$935575
=653  \0$aouverture$3326$020137750$w04G14$935669
=653  \0$adirigent$364, 70, 71, 72, 283$020137750$w04G14$931092
=653  \0$adoedelzak$3293, 298, 321$020137750$w04G14$931125
=653  \0$apassacaglia$3328$020137750$w04G14$935786
=653  \0$apassepied$3328$020137750$w04G14$935789
=653  \0$apassiemuziek$3325$020137750$w04G14$935792
=653  \0$adraailier$3315$020137750$w04G14$931190
=653  \0$adulciaan$3300$020137750$w04G14$931287
=653  \0$adwarsfluit$3167, 300, 301, 302, 303, 304, 305$020137750$w04G14$931340
=653  \0$adynamiek$3269, 294, 296, 297, 298, 300, 303, 318, 335, 341, 343$020137750$w04G14$931346
=653  \0$adynamiek en bc$3274$020137750$w04G14$931351
=653  \0$apochette$3330$020137750$w04G14$936040
=653  \0$apolonaise$3331$020137750$w04G14$936057
=653  \0$aemoties$3276$020137750$w04G14$931445
=653  \0$apreludium$3331, 332$020137750$w04G14$936148
=653  \0$afagot$3302$020137750$w04G14$931585
=653  \0$afalset$3302$020137750$w04G14$931595
=653  \0$apsalterium$3281, 308, 327, 332$020137750$w04G14$936252
=653  \0$afermate$378, 79, 302$020137750$w04G14$931664
=653  \0$aflageolet$3283, 303$020137750$w04G14$931739
=653  \0$asordino$3344$020137750$w04G14$936372
=653  \0$aSorge, G.A.$3129, 130, 256$020137750$w04G14$936377
=653  \0$asotto voce$3297, 344$020137750$w04G14$936384
=653  \0$aforlane$3305, 338$020137750$w04G14$931824
=653  \0$afortepiano_Nederland 18e eeuw$3167-267$020137750$w04G14$931835
=653  \0$astemomvang$313$020137750$w04G14$936561
=653  \0$astemvork$3199, 200, 345$020137750$w04G14$936573
=653  \0$astreektechniek$3275-$020137750$w04G14$936623
=653  \0$afurioso$3306$020137750$w04G14$931951
=653  \0$agagliarde$3306$020137750$w04G14$931974
=653  \0$atabulatuur$3349$020137750$w04G14$936719
=653  \0$agamba$3312, 360$020137750$w04G14$931995
=653  \0$atasto solo$3350$020137750$w04G14$936760
=653  \0$agavotte$3306$020137750$w04G14$932051
=653  \0$ageigenwerk$3291$020137750$w04G14$932084
=653  \0$atemperatuur$397, 114, 117, 118-130, 160, 161, 162, 164, 165, 256, 261, 271, 291, 301, 351, pl iii-viii$020137750$w04G14$936807
=653  \0$atempo$310, 53-55, 58, 59, 61, 62, 64, 65, 68, 69, 71, 275, 277-305, 306-$020137750$w04G14$936814
=653  \0$agigue$3287, 307, 338, 342$020137750$w04G14$932187
=653  \0$atempo_Frankrijk$3305$020137750$w04G14$936835
=653  \0$agitaar$3289, 308$020137750$w04G14$932207
=653  \0$atoccata$3353$020137750$w04G14$936961
=653  \0$atoevoegen van trillers etc$386, 87, 276, 285?, 291, 323$020137750$w04G14$936988
=653  \0$atoucher$3162, 163, 165$020137750$w04G14$937044
=653  \0$agrave$3307, 314$020137750$w04G14$932351
=653  \0$atremulant$388, 283$020137750$w04G14$937097
=653  \0$atriller in Duitsland$383$020137750$w04G14$937119
=653  \0$atriller in Frankrijk$383$020137750$w04G14$937120
=653  \0$atriller in Italie$383$020137750$w04G14$937121
=653  \0$atrillers etc$384, 330$020137750$w04G14$937145
=653  \0$atromba marina$3356$020137750$w04G14$937183
=653  \0$atrompet$3290$020137750$w04G14$937194
=653  \0$aharp$3309$020137750$w04G14$932582
=653  \0$avibrato$388, 283, 303$020137750$w04G14$937531
=653  \0$avingerzetting$3280$020137750$w04G14$937568
=653  \0$aviola d'amore$3359$020137750$w04G14$937580
=653  \0$ahoorn$3294$020137750$w04G14$932928
=653  \0$ahornpipe$3310$020137750$w04G14$932943
=653  \0$avolume$3290$020137750$w04G14$937724
=653  \0$avrijheid in recitatief$3275, 335, 358$020137750$w04G14$937808
=653  \0$ajongenssopraan$313$020137750$w04G14$933241
=653  \0$akieltjes (bij klavecimbel)$3263, 264$020137750$w04G14$933397
=653  \0$aklarinet$3290$020137750$w04G14$933442
=653  \0$azink$3293, 294$020137750$w04G14$938157
=653  \0$azuiverheid$3161, 162, 164, 167, 271, 297$020137750$w04G14$938176
=653  \0$aklavecimbel_Nederland 18e eeuw$34, 168, 169, 267, 290, 297, 312, 324, 345$020137750$w04G14$933503
=653  \0$aklavichord$3291$020137750$w04G14$933553
=653  \0$arigaudon$3284$020137750$w04G14$938449
=653  \0$arigaudon$3337$020137750$w04G14$938449
=653  \0$arondeau$3337$020137750$w04G14$938539
=653  \0$aRousseau, J.J.$3105$020137750$w04G14$938595
=653  \0$alargo$3307, 314$020137750$w04G14$933911
=653  \0$aRückers, fam. $3202$020137750$w04G14$938625
=653  \0$asaltarello$3305, 338$020137750$w04G14$938720
=653  \0$asarabande$3339$020137750$w04G14$938753
=653  \0$aLocatelli$3102$020137750$w04G14$934167
=653  \0$aLoulié, E.$340, 41$020137750$w04G14$934235
=653  \0$aloure$3316$020137750$w04G14$934236
=653  \0$aluit$3314, 315, 316, 317, 326, 352$020137750$w04G14$934262
=653  \0$aLustig, J.W.$371, 89$020137750$w04G14$934291
=653  \0$aserpent$3341$020137750$w04G14$939067
=653  \0$asiciliano$3342$020137750$w04G14$939098
=653  \0$aslagwerk$3288, 295, 312, 349, 350, 355, 356, 357$020137750$w04G14$939152
=653  \0$aMarpurg, F.W.$389, 104$020137750$w04G14$934483
=653  \0$amars$3317$020137750$w04G14$934486
=653  \0$amenuet$3319$020137750$w04G14$934673
=653  \0$amessa di voce$3303, 344$020137750$w04G14$934702
=653  \0$amonochord$3320$020137750$w04G14$934823
=653  \0$aMontéclair$3144$020137750$w04G14$934846
=653  \0$aMozart, L.$389, 100, 104$020137750$w04G14$934924
=653  \0$amusette$3321$020137750$w04G14$934965
=653  \\$a31 toetsen in oktaaf$3114, 115-117, 160-167, 168-190, 205, pl. iii-viii$928373$020137750$w04G14
=653  \\$aademtechniek$3275-$928493$020137750$w04G14
=653  \\$aalla cappella$3276$928600$020137750$w04G14
=653  \\$aardito$3280$928760$020137750$w04G14
=653  \\$aartikulatielettergrepen$3301$928824$020137750$w04G14
=653  \\$abaryton$3281, 327, 360$929127$020137750$w04G14
=653  \\$abasse fondamentale$3282$929156$020137750$w04G14
=653  \\$abassetto$3282$929162$020137750$w04G14
=653  \\$abasviool$3282$929210$020137750$w04G14
=653  \\$abicinium$3284$929553$020137750$w04G14
=653  \\$abizzaria$3284$929595$020137750$w04G14
=653  \\$abovensecundetriller$384$929857$020137750$w04G14
=653  \\$abrunette$3285$929991$020137750$w04G14
=653  \\$abünde$3359$930019$020137750$w04G14
=653  \\$acanatie$3287, 311$930177$020137750$w04G14
=653  \\$achalumeau$3289, 290, 309$930388$020137750$w04G14
=653  \\$achronomètre$340, 41-55, 60, 61, 62, 63-72, 72-77, 275, 278, 290, 314, 357 pl. II$930467$020137750$w04G14
=653  \\$acollascione$3291$930592$020137750$w04G14
=653  \\$aconcertist$3292 (sic)$930660$020137750$w04G14
=653  \\$adikte van klankbodem van klavier$3201$931081$020137750$w04G14
=653  \\$aechoeffekt$3300$931377$020137750$w04G14
=653  \\$afifaro$3302$931704$020137750$w04G14
=653  \\$afistuleren = $3303$931733$020137750$w04G14
=653  \\$aflauto = $3283, 300, 303, 304, 305, 354$931751$020137750$w04G14
=653  \\$agewelfde klankbodem$3173, 201, 203$932171$020137750$w04G14
=653  \\$ahobo$3286, 294, 302, 309, 310, 339$932805$020137750$w04G14
=653  \\$aHuygens, Christiaan$340, 114, 115$921166$020137750$w04G14
=653  \\$aintrada$3311$020137750$w04G14$933114
=653  \\$akaarslicht en klavier$3217, 223-228$933274$020137750$w04G14
=653  \\$aklavecimbel = $3312$933460$020137750$w04G14
=653  \\$aklavecimbelbouw$3168-267$933529$020137750$w04G14
=653  \\$akoorbezetting$3290, 295, 329, 337$933680$020137750$w04G14
=653  \\$akorte noten in bc$3335$933725$020137750$w04G14
=653  \\$akorte voorslag$3101, 102$933727$020137750$w04G14
=653  \\$aLacassagne$315, 16, 17, 18, 56, 58, 144$933846$020137750$w04G14
=653  \\$alengte van appoggiatura$399, 100, 102$934038$020137750$w04G14
=653  \\$alier = altviool$3315$934109$020137750$w04G14
=653  \\$alira da braccio$3315$934143$020137750$w04G14
=653  \\$amaathouden met voet$324-29, 56, 64, 65, 71$934326$020137750$w04G14
=653  \\$aMahaut, A.$389, 104$934365$020137750$w04G14
=653  \\$amandoline$3316, 317$934419$020137750$w04G14
=653  \\$amascerade$3317$934504$020137750$w04G14
=653  \\$amordent op ondersecunde$384, 285, 320$934872$020137750$w04G14
=653  \\$aonmuzikaal$3295$935386$020137750$w04G14
=653  \\$aonritmisch$3296$935388$020137750$w04G14
=653  \\$apandora$3326$935734$020137750$w04G14
=653  \\$apanfluit$3304, 309$935736$020137750$w04G14
=653  \\$apantaleon$3327$935743$020137750$w04G14
=653  \\$aparodie$3327$935769$020137750$w04G14
=653  \\$apetit reprise$393, 94$935890$020137750$w04G14
=653  \\$apiacevole$3329$935933$020137750$w04G14
=653  \\$apiva$3310$936005$020137750$w04G14
=653  \\$apizzicato$3330$936007$020137750$w04G14
=653  \\$apommer$3284$936064$020137750$w04G14
=653  \\$aQuantz, J.J.$371, 89, 104, 303$936296$020137750$w04G14
=653  \\$arejouissance$3335$938364$020137750$w04G14
=653  \\$aRichard$356, 57$938424$020137750$w04G14
=653  \\$arostrum$3316$938579$020137750$w04G14
=653  \\$aschalmei$3339$938803$020137750$w04G14
=653  \\$asnaar opzetten (klavier)$3236, 237-239$939181$020137750$w04G14
=653  \\$asnaardikte (klavier)$3236, 260, 261$939183$020137750$w04G14
=653  \\$asollecito$3343$936343$020137750$w04G14
=653  \\$aSolnitz$3113$936346$020137750$w04G14
=653  \\$asostenuto$3344$936382$020137750$w04G14
=653  \\$aSpielereyregister op orgel$3321$936424$020137750$w04G14
=653  \\$asub/semitoetsen$3160$936666$020137750$w04G14
=653  \\$atoonkwaliteit$3286$937028$020137750$w04G14
=653  \\$atransponeren$3141-147, 148-149$937072$020137750$w04G14
=653  \\$atriller met naslag$384, 87$937122$020137750$w04G14
=653  \\$aversnellen van triller$383$937493$020137750$w04G14
=653  \\$aviola da spalla$3282??$937584$020137750$w04G14
=653  \\$avioletta$3360 (sic)$937593$020137750$w04G14
=653  \\$aviolone$3360$937600$020137750$w04G14
=856  \\$uhttps://books.google.be/books?id=z41ZAAAAcAAJ$3Google Books
=942  \\$cBOO
=952  \\$00$10$2ddc$40$6KTS_1_000000000000000_C1_50_04G14$70$8RAR$9832$aORPH$bORPH$cKTS1_C1$d2020-07-08$eKoopman$i04G14$oKTS1 C1.50 04G14$p20137750$r2021-01-12 00:00:00$w2021-01-12$yBOO
=999  \\$d832

