=LDR  02690    a2200457   4500
=001  833
=008  210309s1766\\\\be\g|||||||||\00|\0\fre\d
=041  \\$afre
=100  \\$aPollio, Pierre-Louis$d1724-1796$4aut$95549
=245  \\$aPrincipes de composition...$bavec une introduction a la conaissance de la valeur numerique des sons
=260  \\$as.l.$c1766
=300  \\$a208 pages
=500  \\$aPollio was active in the North of France (Aire-sur-la-Lys, Dijon, Péronne, Beauvais and Soignies) in various ecclesiastical institutions; the majority of his works is preserved at the collegial church of Saint-Vincent in Soignies
=500  \\$aThe part on tuning (A l'origine des Accords) starts with a new pagination 1-28.
=504  \\$aIncludes table of contents
=533  \\$aDigitized by iGuana, Spring 2022
=561  \\$aPurchased from Landré, Amsterdam
=563  \\$aGreen cover
=648  \0$a18th Century (1701-1800)$1http://www.wikidata.org/entity/Q7015$920899
=650  \0$aMethod$1http://www.wikidata.org/entity/Q2250960$921402
=650  \0$aComposing$1http://www.wikidata.org/entity/Q92186587$93076
=650  \0$aTuning$1http://www.wikidata.org/entity/Q858576$921655
=651  \0$aFrance$1http://www.wikidata.org/entity/Q142$9131
=653  \0$aAlembert, d'$3153$020136086$w04G15a$928584
=653  \0$aartikulatie$39, 17, 26, 32, 58, 71, 87, 120, 121, 130, 154, 159, 161, 162, 164$020136086$w04G15a$928817
=653  \0$abasse fondamental$32-153$020136086$w04G15a$929155
=653  \0$aBethezy$362, 63, 64, 108, 109, 111, 115, 125, 138$020136086$w04G15a$929503
=653  \0$acompositiemethode$3wb$020136086$w04G15a$930643
=653  \0$anotatieproblemen$332, 133-137$020136086$w04G15a$935285
=653  \0$aenharmonisch$3126-139$020136086$w04G15a$931478
=653  \0$afuga$3154-172$020136086$w04G15a$931941
=653  \0$atemperatuur$31-28$020136086$w04G15b$936807
=653  \0$aRameau, J.P.$314, 63, 64, 66, 87, 97, 107, 111, 132, 140, 149, 151, 152, 153, 154, 180, 181, 186$020136086$w04G15a$938224
=653  \0$akwint/oktaafparallellen$352$020136086$w04G15a$933824
=653  \\$apoint d'orgue$3139-150$936049$020136086$w04G15a
=653  \\$auitgeschreven bc$342, 81, 82, 89, 90, 91-94$937285$020136086$w04G15a
=856  \\$uhttps://uv-v4.netlify.app/#?manifest=https://sharedcanvas.be/IIIF/manifests/15a5e908-497d-11ed-8eb8-82b4a86b37f9$3IIIF
=856  \\$uhttps://sharedcanvas.be/IIIF/manifests/15a5e908-497d-11ed-8eb8-82b4a86b37f9$3IIIF manifest
=942  \\$cMS
=952  \\$00$10$2ddc$40$6KTS_1_000000000000000_C1_50_04G15$70$8RAR$9833$aORPH$bORPH$cKTS1_C1$d2020-07-08$eKoopman$oKTS1 C1.50 04G15$p20136086$r2021-01-12 00:00:00$w2021-01-12$yMS
=999  \\$d833

