=LDR  02122    a2200361   4500
=001  834
=008  211118s1772\\\\\\\|||||\||||\00|\0\dut\d
=041  \\$adut
=100  \\$4aut$aVarious$94793
=245  \\$aVerhandelingen uitgegeven door het Zeeuwsch Genootschap der Wetenschappen te Vlissingen
=260  \\$aVlissingen$bZeeuwsch Genootschap der Wetenschappen$c1772
=300  \\$alxxxvii-662 pages$b3 folded pages, engraved frontispiece, leather binding, poor condition
=336  \\$aprinted
=500  \\$aFrontispiece engraving: allegory of Wisdom showing Minerva pointing towards Vlissingen, Netherlands. On a column a medallion of Stadthouder Willem V. On the floor objects of science and dicovery. By Jacob van der Schley, after H. Nieuwenhuysen (1751-1779)
https://www.rijksmuseum.nl/en/collection/RP-P-1910-3605
=648  \0$a18th Century (1701-1800)$1http://www.wikidata.org/entity/Q7015$920899
=650  \0$aScience$1http://www.wikidata.org/entity/Q7991$921650
=650  \0$aHistory$1http://www.wikidata.org/entity/Q309$921403
=650  \0$aGeography$1http://www.wikidata.org/entity/Q1071$921798
=650  \0$aMedicine$1http://www.wikidata.org/entity/Q11190$921959
=651  \0$aZeeland (Netherlands)$1http://www.wikidata.org/entity/Q705$922789
=653  \0$aelektriciteit$3463-490$020137751$w04G16$931419
=653  \0$averzamelen$3lxiv$020137751$w04G16$937514
=653  \0$aLinnaeus, C.$3lxi$020137751$w04G16$934136
=653  \\$aepilepsie$3lxvii, 271-282$931495$020137751$w04G16
=653  \\$aIperen, J. van $3xlvi, xlvii, liii, lxviii, 358-437$933126$020137751$w04G16
=653  \\$akeizersnede$3319-357$933341$020137751$w04G16
=653  \\$aRadermacher, D.$3lxx, 592-596$936335$020137751$w04G16
=653  \\$aSchutte, R.$3363$939003$020137751$w04G16
=653  \\$aWagenaar, J.$3lxi$937829$020137751$w04G16
=856  \\$uhttps://books.google.be/books?id=_QwVAAAAQAAJ$3Google Books
=942  \\$cBOO
=952  \\$00$10$2ddc$40$6KTS_1_000000000000000_C1_50_04G16$70$8RAR$9834$aORPH$bORPH$cKTS1_C1$d2020-07-08$eKoopman$i04G16$oKTS1 C1.50 04G16$p20137751$r2021-01-12 00:00:00$w2021-01-12$yBOO
=999  \\$d834

