=LDR  01197    a2200253   4500
=001  837
=005  20251031151339.0
=008  211118s1779\\\\\\\|||||\||||\00|\p\ita\d
=041  \\$aita$agrc
=100  \\$aPompei, Girolamo$d1731-1788$4aut$1http://www.wikidata.org/entity/Q3768974$95551
=245  \\$aNuove canzoni pastorali ed altre rime diverse
=260  \\$aVerona$bMoroni$c1779
=300  \\$axl-228 pages$bbound in white vellum
=336  \\$aprinted
=500  \\$aGirolamo Pompei (Verona, 18 April 1731 - Verona, 4 February 1788) was an Italian poet, playwright and translator. 
=500  \\$adedicated to Archduchess Maria Beatrice d'Este (1750-1829)
=500  \\$acontains a lengthy, 40-page foreword
=561  \\$aEx Libris Paolo Emilio Ruffoni (stamp)
=648  \0$a18th Century (1701-1800)$1http://www.wikidata.org/entity/Q7015$920899
=650  \0$aPoetry$1http://www.wikidata.org/entity/Q482$93026
=856  \\$uhttps://books.google.be/books?id=eAhkAAAAcAAJ$3Google Books
=942  \\$cBOO
=952  \\$00$10$2ddc$40$6KTS_1_000000000000000_C1_50_04G18$70$8RAR$9837$aORPH$bORPH$cKTS1_C1$d2020-07-08$eKoopman$i04G18$l0$oKTS1 C1.50 04G18$p20137753$r2021-01-12 00:00:00$w2021-01-12$yRAR
=999  \\$d837

