=LDR  01652aam a2200289   4500
=001  838
=005  20250926093253.0
=008  210817s1810\\\\||||||||\||||\00|\0\ger\d
=041  \\$ager
=100  \\$aEngel, Johann Jacob$d1741-1802$4aut$1http://www.wikidata.org/entity/Q71442$95179
=245  \\$aIdeen zu einer Mimik
=260  \\$aBerlin$aVienna$bSammer$c[1810]
=300  \\$a2 volumes (259+183-[8] pages)$b2 engraved frontispieces, 23+11 engraved plates
=490  \\$aJ. J. Engels sämtliche Werke$v5-6
=500  \\$aNot the first edition, as an (erased) pencil mark wanted to have us believe (that edition was printed "Auf Kosten des Verfassers"), but part of the Gesamtausgabe published in 1810
=534  \\$aOriginally published in 1785-86
=563  \\$aUnbound, hence in its original state of sale!
=590  \\$aMit erläuternden Kupfertafeln
=648  \0$a18th Century (1701-1800)$1http://www.wikidata.org/entity/Q7015$920899
=650  \0$aGesticulation$1http://www.wikidata.org/entity/Q1519539$922031
=650  \0$aMethod$1http://www.wikidata.org/entity/Q2250960$921402
=650  \0$aActing$1http://www.wikidata.org/entity/Q222749$92807
=651  \0$aBerlin (Germany)$1http://www.wikidata.org/entity/Q64$948
=942  \\$cBOO
=952  \\$00$10$2ddc$3Erster Band$40$6KTS_1_000000000000000_C1_50_04G19_01$70$8RAR$9838$aORPH$bORPH$cKTS1_C1$d2020-07-08$eKoopman$oKTS1 C1.50 04G19_01$p20137166$r2021-01-12 00:00:00$w2021-01-12$yBOO
=952  \\$00$10$2ddc$3Zweiter Band$40$6KTS_1_000000000000000_C1_50_04G19_02$70$8RAR$920471$aORPH$bORPH$cKTS1_C1$d2020-07-08$eKoopman$oKTS1 C1.50 04G19_02$p20137168$r2021-08-17 00:00:00$w2021-01-12$yBOO
=999  \\$d838

