=LDR  01300atm a2200277   4500
=001  839
=005  20251003085455.0
=008  210309s1461\\\\be\|||||||\||\00|\0\ita\d
=041  \\$aita$alat
=100  \\$aPalermitano$dfl. 1461$4aut$95552
=245  \\$aDelle diferenze...
=260  \\$aPalermo [?]$c1461
=300  \\$a307 pages
=500  \\$aOldest volume in the collection: an incomplete biblical thesaurus
=500  \\$aPage 6 at the bottom mentions "per mani frate Antonio"
=500  \\$aContains an insert by Lucas van Dijck
=533  \\$aDigitized by iGuana, Spring 2022
=561  \\$aPurchased in Amsterdam in the 1970s or 80s
=648  \0$a15th Century (1401-1500)$1http://www.wikidata.org/entity/Q7018$921015
=650  \0$aBible$1http://www.wikidata.org/entity/Q1845$921581
=650  \0$aCatalogue$1http://www.wikidata.org/entity/Q2352616$921484
=856  \\$uhttps://uv-v4.netlify.app/#?manifest=https://sharedcanvas.be/IIIF/manifests/15a5ae0d-497d-11ed-8eb8-e29ed24143ea$3IIIF
=856  \\$uhttps://sharedcanvas.be/IIIF/manifests/15a5ae0d-497d-11ed-8eb8-e29ed24143ea$3IIIF manifest
=942  \\$cMS
=952  \\$00$10$2ddc$40$6KTS_1_000000000000000_C1_50_04G20$70$8RAR$9839$aORPH$bORPH$cKTS1_C1$d2020-07-08$eKoopman$oKTS1 C1.50 04G20$p20136094$r2021-01-12 00:00:00$w2021-01-12$yMS
=999  \\$d839

