=LDR  01868    a2200313   4500
=001  840
=008  211118s1812\\\\||||||||\||||\00|\0dita\d
=041  \\$aita
=100  \\$aGervasoni, Carlo$d1762-1819$4aut$1http://www.wikidata.org/entity/Q16268404$95553
=245  \\$aNuova teoria di musica ricavata dall'odierna pratica$bossia metodo sicuro e facile in pratica per ben apprendere la musica
=250  \\$a1st ed.
=260  \\$aParma$bBlanchon$c1812
=300  \\$a455-[3] pages$bengraved portrait 
=500  \\$aCarlo Gervasoni (Milan, 4 November 1762-Borgo Val di Taro, 4 June 1819) was an Italian organist, violinist and composer, as well as harpsichordist, philosopher and music theorist. 
=500  \\$aEngraved portrait of the author by Giuseppe Benalea after Aquilino Bigatti
=500  \\$aTogether with Francesco Galeazzi's 'Elementi Teorico Pratici di musica' (1796; see 10C01) this essay offers an important source on sonata form theory.
=590  \\$aa cui si fanno precedere varie notizie storico-musicali
=648  \0$a19th Century (1801-1900)$1http://www.wikidata.org/entity/Q6955$920935
=650  \0$aMethod$1http://www.wikidata.org/entity/Q2250960$921402
=650  \0$aMusic theory$1http://www.wikidata.org/entity/Q193544$92662
=650  \0$aComposing$1http://www.wikidata.org/entity/Q92186587$93076
=650  \0$aSonata$1http://www.wikidata.org/entity/Q131269$921653
=650  \0$aEncyclopedia$1http://www.wikidata.org/entity/Q5292$92184
=651  \0$aItaly$1http://www.wikidata.org/entity/Q38$922
=653  \0$aGervasoni, C._portret$3tp$020137757$w04G21$932143
=856  \\$uhttps://books.google.it/books?id=NClFC3l5tf4C$3Google Books
=942  \\$cBOO
=952  \\$00$10$2ddc$40$6KTS_1_000000000000000_C1_51_04G21$70$8RAR$9840$aORPH$bORPH$cKTS1_C1$d2020-07-08$eKoopman$oKTS1 C1.51 04G21$p20137757$r2021-01-12 00:00:00$w2021-01-12$yBOO
=999  \\$d840

