=LDR  01701aam a2200289   4500
=001  841
=008  211118s1791\\\\\\\f||||\||||\00|\d\dut\d
=041  \\$adut
=059  \\$aST pf
=100  \\$aLoosjes, Adriaan Pieterszoon$d1761-1818$4aut$95554
=245  \\$aFrank van Borselen en Jacoba van Beijeren
=250  \\$a2nd ed.
=260  \\$aHaerlem$bLoosjes$c1791
=300  \\$avi-273-[6] pages$bengravings, loose pages, music
=500  \\$aLoosjes' play premiered in 1791
=500  \\$aAdriaan Loosjes (1761-1818) was botanist, poet, novelist and publisher.
=500  \\$acontains one plate with engraving by Reinier Vinkeles (1741-1816)
=500  \\$acontains an inserted envelope (manuscript, adressed to Mr Geraard Halwasse, Holland, S'Gravenhage, 16. Brouwersgracht) containing a loose section (6 pages) with the score for a duet for Tenor & Soprano with piano,  composed by Jean Louis Pierre Leonard Freubel (1763-1828)
=500  \\$amore biographic information on the composer Freubel, Belgian violonist at the Schouwburg Amsterdam:
http://resources.huygens.knaw.nl/retroboeken/nnbw/#source=1&page=459&view=imagePane
=648  \0$a18th Century (1701-1800)$1http://www.wikidata.org/entity/Q7015$920899
=650  \0$aLibretto$1http://www.wikidata.org/entity/Q131084$94031
=650  \0$aPlay (theater)$1http://www.wikidata.org/entity/Q25379$921414
=651  \0$aNetherlands$1http://www.wikidata.org/entity/Q55$9173
=856  \\$uhttps://books.google.be/books?id=KvFWAAAAcAAJ$3Google Books
=942  \\$cBOO
=952  \\$00$10$2ddc$40$6KTS_1_000000000000000_C1_51_04G22$70$8RAR$9841$aORPH$bORPH$cKTS1_C1$d2020-07-08$eKoopman$oKTS1 C1.51 04G22$p20137756$r2021-01-12 00:00:00$w2021-01-12$yBOO
=999  \\$d841

