=LDR  07347    a2201273   4500
=001  848
=008  211207s1658\\\\\\\fac||\||||\00|\p\dut\d
=041  \\$adut
=100  \\$aHuygens, Constantijn$d1596-1687$4aut$1http://www.wikidata.org/entity/Q560746$95174
=245  \\$aKoren-bloemen:$bNederlandsche gedichten, in XIX boeken
=250  \\$a1st ed.
=260  \\$aThe Hague$bVlack$c1658
=300  \\$a[xxv]-1355 pages$bfrontispiece in red and black ink
=500  \\$a19 volumes in 1
=500  \\$aContains a portrait of the author
=561  \\$aEx libris J.P. Wilson (1951) (ms.)
=648  \0$a17th Century (1601-1700)$1http://www.wikidata.org/entity/Q7016$920923
=650  \0$aPoetry$1http://www.wikidata.org/entity/Q482$93026
=651  \0$aNetherlands$1http://www.wikidata.org/entity/Q55$9173
=653  \0$aadvokaat$3823, 850, 851, 911, 912, 934, 941, 980, 987, 990, 1131, 1140$020137909$w04H05$928499
=653  \0$aalchemist$3135-136, 1115$020137909$w04H05$928574
=653  \0$abibliotheek$3660, 913, 914, 1027$020137909$w04H05$929548
=653  \0$aBarlaeus, C.$3297, 341, 580, 652, 659, 664, 1077$020137909$w04H05$929087
=653  \0$ablokfluit$3482$020137909$w04H05$929645
=653  \0$aboekbinder$3827$020137909$w04H05$929676
=653  \0$aBoxhorn, M.Z.$3345, 519$020137909$w04H05$929863
=653  \0$abespelen van meer instrumenten$31068$020137909$w04H05$929496
=653  \0$aCampen, J. van $3545, 816, 817, 820$020137909$w04H05$930160
=653  \0$amuziek_algemeen$3436, 482, 539, 640, 683, 684, 687, 700, 771, 772, 774, 792, 794, 799, 848, 853, 868, 871, 901, 957, 1047, 1052, 1060-1064, 1136$020137909$w04H05$935036
=653  \0$aop de wijze van $31047, 1052$020137909$w04H05$935398
=653  \0$aorganist$3848$020137909$w04H05$935454
=653  \0$aorgel$3776, 848, 885$020137909$w04H05$935465
=653  \0$aorgel in eredienst$3885, 976$020137909$w04H05$935479
=653  \0$adansen$3935, 953, 1136$020137909$w04H05$930928
=653  \0$aDonne, J. $31089-1090, 1095-1120$020137909$w04H05$931150
=653  \0$apavane$3935$020137909$w04H05$935811
=653  \0$adwarsfluit$3774, 937, 970$020137909$w04H05$931340
=653  \0$atabak$3989, 920, 924$020137909$w04H05$936718
=653  \0$agamba$3901$020137909$w04H05$931995
=653  \0$agitaar$3881$020137909$w04H05$932207
=653  \0$atoneel(spelen)$3134, 679, 784, 871, 989$020137909$w04H05$937013
=653  \0$aGroot, Hugo de$3580$020137909$w04H05$932427
=653  \0$atrompet$3856, 937, 1132$020137909$w04H05$937194
=653  \0$auitvinding boekdrukkunst$3873, 874$020137909$w04H05$937288
=653  \0$aHeinsius, D.$3opdracht, 33-49$020137909$w04H05$932679
=653  \0$aHeinsius, N. $3opdracht, 33-49$020137909$w04H05$932683
=653  \0$aHooft, P.C.$3201, 211, 223-233, 246, 256-258, 261, 261, 295, 296, 338, 619, 654, 1034, 1035, 1036, 1041, 1065, 1068, 1069$020137909$w04H05$932893
=653  \0$aviool$3771, 772, 901?$020137909$w04H05$937605
=653  \0$aVisser, A.$3201, 203, 211, 237-246, 258, 259, 262, 261-266, 306, 310, 623, 624, 634, 635, 647, 648, 651, 652, 660, 665, 667, 671, 672, 693, 694, 1031, 1033, 1034, 1064, 1091, 1092 (foute pagina nrs?)$020137909$w04H05$937639
=653  \0$aVisser, Tesselschade$3201, 203, 211, 237-246, 258, 259, 262, 261-266, 306, 310, 623, 624, 634, 635, 647, 648, 651, 652, 660, 665, 667, 671, 672, 693,$020137909$w04H05$937640
=653  \0$aVondel, J. van den $3opdracht (2x), 345-347, 623$020137909$w04H05$937735
=653  \0$aVos, J.$3opdracht, 652, 653$020137909$w04H05$937771
=653  \0$aJohnson, B.$31076$020137909$w04H05$933226
=653  \0$awijn$3874, 879, 880, 902, 939, 952, 972, 991, 1009, 1141, 1148, 1153, 1160$020137909$w04H05$937961
=653  \0$aklavecimbel$3482, 539, 868, 1060-1064$020137909$w04H05$933450
=653  \0$azuiverheid$3812$020137909$w04H05$938176
=653  \0$aschilder$3648, 842, 851, 880, 891, 906, 1009, 1020, 1082, 1097$020137909$w04H05$938858
=653  \0$aluit$3opdracht, 482, 521, 539, 622, 812, 845, 881, 909$020137909$w04H05$934262
=653  \0$aScriverius, P.$3704$020137909$w04H05$939032
=653  \0$aslagwerk$3856, 1132$020137909$w04H05$939152
=653  \0$aMarino$31082$020137909$w04H05$934468
=653  \\$aarchitect$3828$928754$020137909$w04H05
=653  \\$aBaerle, S. van $3345, 439$929018$020137909$w04H05
=653  \\$aBeverwijck, Dr. $3632$929511$020137909$w04H05
=653  \\$aBijster, J.$3718$929572$020137909$w04H05
=653  \\$aBlau$3694$929623$020137909$w04H05
=653  \\$aBrantwijck$31069$929889$020137909$w04H05
=653  \\$aBruno, A. & H. $3520, 684, 787, 810$929993$020137909$w04H05
=653  \\$aCasembroot$31083$930267$020137909$w04H05
=653  \\$aCats, J. (school)$33-70, 580$930313$020137909$w04H05
=653  \\$aCopernicus$3876$930720$020137909$w04H05
=653  \\$aCoppenol, L. van $3746$930728$020137909$w04H05
=653  \\$aCornelis, Trijntje$31169-1355$930745$020137909$w04H05
=653  \\$aDorp, D. van $3664$931166$020137909$w04H05
=653  \\$aDoublet, C & G.B.$3339, 340, 497, 693$931173$020137909$w04H05
=653  \\$aDuarte, C.$31089$931234$020137909$w04H05
=653  \\$aElsevier$3694$931433$020137909$w04H05
=653  \\$ageleerdheid$3798$932090$020137909$w04H05
=653  \\$aGraswinckel, T.$3340, 505$932337$020137909$w04H05
=653  \\$aGriethuysen, S. van $3689, 690$932403$020137909$w04H05
=653  \\$aGuarini, B.$3279-291, 1089$932458$020137909$w04H05
=653  \\$aHellemans, L. $3295, 296, 299, 623, 654$932689$020137909$w04H05
=653  \\$aHofwijck$3495-613, 699, 702, 106, 813, 814$932844$020137909$w04H05
=653  \\$aMaersseveen, van $3768$934351$020137909$w04H05
=653  \\$aMierevelt$31082$934753$020137909$w04H05
=653  \\$aMostaert, D.$3347$934904$020137909$w04H05
=653  \\$aNierop, H.$3opdracht$935237$020137909$w04H05
=653  \\$aOgle, U.$3639, 640, 1082, 1083$935347$020137909$w04H05
=653  \\$aOosterwijck, van $3736$935396$020137909$w04H05
=653  \\$aOrsmael, M. van $3734$935629$020137909$w04H05
=653  \\$aOudenhoven, J. van $3704$935662$020137909$w04H05
=653  \\$apais$3657, 713, 888, 1144$935715$020137909$w04H05
=653  \\$apsalmvertalingen$31073, 1072$936248$020137909$w04H05
=653  \\$aSanten, C. van $3672, 673$938746$020137909$w04H05
=653  \\$aSchurman, Anna Maria$3337, 623-628, 665, 1088, 1089$938998$020137909$w04H05
=653  \\$aSeghers, D.$3668, 700, 1085$939040$020137909$w04H05
=653  \\$aSomeren, I. van $3729$936354$020137909$w04H05
=653  \\$aSprongen, J. (Sprousen?)$3702$936449$020137909$w04H05
=653  \\$aStanhope$31083$936509$020137909$w04H05
=653  \\$aThou, A. de $31088$936920$020137909$w04H05
=653  \\$aTrello, L. van $3659, 665, 666$937089$020137909$w04H05
=653  \\$aVergilius$3686, 1080$94960$020137909$w04H05
=653  \\$aVoetius$31088$937688$020137909$w04H05
=653  \\$aVois, P. de$3700, 1068, 1069$937708$020137909$w04H05
=653  \\$aWesterbaen, J.$3opdracht, 341, 519$937941$020137909$w04H05
=856  \\$uhttps://books.google.be/books?id=ZhVCAAAAcAAJ$3Google Books
=942  \\$cBOO
=952  \\$00$10$2ddc$40$6KTS_1_000000000000000_C1_56_04H05$70$8RAR$9848$aORPH$bORPH$cKTS1_C1$d2020-07-08$eKoopman$oKTS1 C1.56 04H05$p20137909$r2021-01-12 00:00:00$w2021-01-12$yBOO
=999  \\$d848

