=LDR  01844aam a2200277   4500
=001  850
=008  211012s1778\\\\\\\f||||\||||\00|\0\dut\d
=041  \\$adut
=100  \\$aMartinet, Jan Floris$d1729-1795$4aut$1http://www.wikidata.org/entity/Q1826583$95561
=245  \\$aKatechismus der natuur
=250  \\$a2nd ed.
=260  \\$aAmsterdam$bLoveringh$bAllart$c1778
=300  \\$a4 vols. (xiii-[iii]-424+[ii]-426+[iv]-387-[5]+[iv]-502-37-[39] pages)$b4+7+6+7 folded pages/plates inserted
=336  \\$aprinted
=500  \\$aSee also J. de Vries' 'aanmerkingen' about these books, 04E04 and 04E05
=648  \0$a18th Century (1701-1800)$1http://www.wikidata.org/entity/Q7015$920899
=650  \0$aScience$1http://www.wikidata.org/entity/Q7991$921650
=650  \0$aReligion$1http://www.wikidata.org/entity/Q9174$93062
=650  \0$aHistory$1http://www.wikidata.org/entity/Q309$921403
=856  \\$uhttps://www.dbnl.org/tekst/mart021kate01_01/mart021kate01_01_scans.pdf$3Digital Library for Dutch Literature (DBNL)
=942  \\$cBOO
=952  \\$00$10$2ddc$3vol. 1$40$6KTS_1_000000000000000_C1_56_04H10$70$8RAR$9850$aORPH$bORPH$cKTS1_C1$d2020-07-08$eKoopman$i04H10$oKTS1 C1.56 04H10$p20137918$r2021-01-12 00:00:00$w2021-01-12$yBOO
=952  \\$00$10$2ddc$3vol. 2$40$6KTS_1_000000000000000_C1_56_04H11$70$8RAR$921056$aORPH$bORPH$cKTS1_C1$d2020-07-08$eKoopman$i04H11$l0$oKTS1 C1.56 04H11$p20137919$r2021-12-07 00:00:00$w2021-01-12$yBOO
=952  \\$00$10$2ddc$3vol. 3$40$6KTS_1_000000000000000_C1_56_04H12$70$8RAR$921057$aORPH$bORPH$cKTS1_C1$d2020-07-08$eKoopman$i04H12$l0$oKTS1 C1.56 04H12$p20137920$r2021-12-07 00:00:00$w2021-01-12$yBOO
=952  \\$00$10$2ddc$3vol. 4$40$6KTS_1_000000000000000_C1_56_04H13$70$8RAR$921058$aORPH$bORPH$cKTS1_C1$d2020-07-08$eKoopman$i04H13$l0$oKTS1 C1.56 04H13$p20137921$r2021-12-07 00:00:00$w2021-01-12$yBOO
=999  \\$d850

