=LDR  02188aam a2200337   4500
=001  851
=008  211207s1682\\\\|||ac|||\||||\00|\p\dut\d
=041  \\$adut
=100  \\$aVondel, Joost van den$d1587-1679$4aut$1http://www.wikidata.org/entity/Q312673$95247
=245  \\$aPoëzy of Verscheide gedichten$nvols. 1-2/2
=260  \\$aFraneker$bStrik$c1682
=300  \\$a2 vols. ([xxiv]-791+695-89-[47] pages)
=500  \\$aThe preface refers to the Hartgers ed. of 1644 (see H3-083)
=500  \\$aFrontispiece in red and black ink
=500  \\$aEmblem on frontispiece: "Konst baert roem"
=500  \\$aVarious old shelfmarks on cover, partly erased (e.g., Df12, 5/1/2 R, N1029)
=500  \\$avol. 1 contains a portrait of Vondel at the age of 84; vol. 2, pages 379-392, contains the 'Schouburgdichten'
=501  \\$aBound in with 'Het leven van Joost van den Vondel' and 'Lykdichten op het overlyden…'
=561  \\$avol. 2: Ex libris Klaars Bruyn (ms. "Hoort dit boek toe")
=648  \0$a17th Century (1601-1700)$1http://www.wikidata.org/entity/Q7016$920923
=650  \0$aBiography$1http://www.wikidata.org/entity/Q36279$91927
=650  \0$aPoetry$1http://www.wikidata.org/entity/Q482$93026
=651  \0$aAmsterdam (Netherlands)$1http://www.wikidata.org/entity/Q727$9135
=700  \\$4aut$aBrandt, Gerard$d1626-1685$1http://www.wikidata.org/entity/Q2280680$98985
=700  \\$4aut$aVollenhove, Joannes$d1631-1708$1http://www.wikidata.org/entity/Q37605835$915339
=856  \\$uhttps://books.google.be/books?id=DWzwFtV7QKAC&dq=Po%C3%ABzy%20of%20Verscheide%20gedichten&hl=nl&pg=PP7#v=onepage&q&f=false$3vol. 1
=856  \\$uhttps://books.google.be/books?id=k-9uq1HgNUMC&dq=Po%C3%ABzy%20of%20Verscheide%20gedichten&hl=nl&pg=PA1#v=onepage&q&f=false$3vol. 2
=942  \\$cBOO
=952  \\$00$10$2ddc$3vol. 1$40$6KTS_1_000000000000000_C1_56_04H14$70$8RAR$9851$aORPH$bORPH$cKTS1_C1$d2020-07-08$eKoopman$i04H14$oKTS1 C1.56 04H14$p20137922$r2021-01-12 00:00:00$w2021-01-12$yBOO
=952  \\$00$10$2ddc$3vol. 2$40$6KTS_1_000000000000000_C1_56_04H15$70$8RAR$921059$aORPH$bORPH$cKTS1_C1$d2020-07-08$eKoopman$i04H15$l0$oKTS1 C1.56 04H15$p20137923$r2021-12-07 00:00:00$w2021-01-12$yBOO
=999  \\$d851

