=LDR  01627    a2200289   4500
=001  856
=008  211208s1691\\\\||||||||\||||\00|\d\dut\d
=041  \\$adut
=100  \\$aVondel, Joost van den$d1587-1679$4aut$1http://www.wikidata.org/entity/Q312673$95247
=245  \\$aKoning David in ballingschap. $bTreurspel
=250  \\$a4th ed.
=260  \\$aAmsterdam$bde Wees$c1691
=300  \\$a[viii]-56 pages
=336  \\$aprinted
=500  \\$aOriginally published in 1660
=500  \\$ain a convolute 'Treurspelen, vol. 1' (c. 1700) ex libris Jan van den Arend (stamp, ms. shelfmark no. 363)
=501  \\$aLucifer
Salmoneus
Jeptha
Koning Edipus
Koning David herstelt
Samson
Adonias
Batavische gebroeders
Faëton
Adam in ballingschap
Ifigenie in Tauren
Zungchin
Noah
Euripides Feniciaensche
Herkules in Trachin 
=600  \0$aDavid$dc. 1040-970 BC$1http://www.wikidata.org/entity/Q41370$922448
=648  \0$a17th Century (1601-1700)$1http://www.wikidata.org/entity/Q7016$920923
=650  \0$aPlay (theater)$1http://www.wikidata.org/entity/Q25379$921414
=651  \0$aNetherlands$1http://www.wikidata.org/entity/Q55$9173
=773  \\$020575$tTreurspelen$w20575
=856  \\$uhttps://books.google.be/books?id=fuNjAAAAcAAJ$3Google Books
=942  \\$cBOO
=952  \\$00$10$2ddc$40$6KTS_1_000000000000000_C1_70_02F17_01E$70$8RAR$9856$aORPH$bORPH$cKTS1_C1$d2020-07-08$eKoopman$oKTS1 C1.70 02F17_01e$r2021-01-12 00:00:00$w2021-01-12$yBOO
=952  \\$00$10$2ddc$40$6KTS_1_000000000000000_C1_70_02F17_01E$70$8RAR$923818$aORPH$bORPH$cKTS1_C1$d2020-07-08$eKoopman$l0$oKTS1 C1.70 02F17_01e$r2021-01-12 00:00:00$w2021-01-12$yBOO
=999  \\$d856

