=LDR  01605    a2200289   4500
=001  866
=008  211208s1695\\\\\\\|||||\||||\00|\d\dut\d
=041  \\$adut
=100  \\$aVondel, Joost van den$d1587-1679$4aut$1http://www.wikidata.org/entity/Q312673$95247
=245  \\$aEuripides Feniciaensche $bof Gebroeders van Thebe. Treurspel
=250  \\$a2nd ed.
=260  \\$aAmsterdam$bde Wees$c1692
=300  \\$a63 pages
=336  \\$aprinted
=500  \\$aOriginally published in 1668, see https://books.google.be/books?id=k-VVAAAAcAAJ
=500  \\$ain a convolute 'Treurspelen, vol. 1' (c. 1700) ex libris Jan van den Arend (stamp, ms. shelfmark no. 363)
=501  \\$aLucifer
Salmoneus
Jeptha
Koning Edipus
Koning David in ballingschap
Koning David herstelt
Samson
Adonias
Batavische gebroeders
Faëton
Adam in ballingschap
Ifigenie in Tauren
Zungchin
Noah
Herkules in Trachin 
=534  \\$cAmsterdam, de WEES,1668.$ohttps://www.let.leidenuniv.nl/Dutch/Ceneton/VondelFeniciaensche1668.html
=590  \\$aVerduitscht door J. v. Vondel
=648  \0$a17th Century (1601-1700)$1http://www.wikidata.org/entity/Q7016$920923
=650  \0$aPlay (theater)$1http://www.wikidata.org/entity/Q25379$921414
=651  \0$aNetherlands$1http://www.wikidata.org/entity/Q55$9173
=700  \\$4aut$aEuripides$d480BC-406BC)$1http://www.wikidata.org/entity/Q48305$95566
=773  \\$020575$tVondel Treurspelen$w20575
=942  \\$cBOO
=952  \\$00$10$2ddc$40$6KTS_1_000000000000000_C1_70_02F17_01O$70$8RAR$9866$aORPH$bORPH$cKTS1_C1$d2020-07-08$eKoopman$oKTS1 C1.70 02F17_01o$r2021-01-12 00:00:00$w2021-01-12$yBOO
=999  \\$d866

