=LDR  01317    a2200253   4500
=001  869
=008  210305q1648\\\\be\|||||\||||\00|\d\dut\d
=041  \\$adut
=100  \\$aVondel, Joost van den$d1587-1679$4aut$1http://www.wikidata.org/entity/Q312673$95247
=245  \\$aSalomon.$bTreurspel
=250  \\$a1st ed. [?]
=260  \\$aAmsterdam$bde Wees$bLescailje$c1648 [?]
=300  \\$a67 pages
=561  \\$aEx libris Jan van den Arend (stamp, ms. shelfmark no. 363)
=563  \\$aIn a convolute 'Treurspelen, vol. 2' (c. 1700)
=600  \0$aSolomon$cKing$d989-931 BC$1http://www.wikidata.org/entity/Q37085$920906
=648  \0$a17th Century (1601-1700)$1http://www.wikidata.org/entity/Q7016$920923
=650  \0$aTransposition$1http://www.wikidata.org/entity/Q815323$93154
=651  \0$aAmsterdam (Netherlands)$1http://www.wikidata.org/entity/Q727$9135
=856  \\$uhttps://books.google.be/books?id=Kl1kAAAAcAAJ$3Google Books
=942  \\$cBOO
=952  \\$00$10$2ddc$40$6KTS_1_000000000000000_C1_70_02F17_02H$70$8RAR$9869$aORPH$bORPH$cKTS1_C1$d2020-07-08$eKoopman$oKTS1 C1.70 02F17_02h$r2021-01-12 00:00:00$w2021-01-12$yBOO
=952  \\$00$10$2ddc$40$6KTS_1_000000000000000_C1_70_02F17_02H$70$8RAR$923829$aORPH$bORPH$cKTS1_C1$d2020-07-08$eKoopman$l0$oKTS1 C1.70 02F17_02h$r2021-01-12 00:00:00$w2021-01-12$yBOO
=999  \\$d869

