=LDR  01329    a2200253   4500
=001  871
=008  220120q1644\\\\\\\|||||\||||\00|\d\dut\d
=041  \\$adut
=100  \\$aVondel, Joost van den$d1587-1679$4aut$1http://www.wikidata.org/entity/Q312673$95247
=245  \\$aJoseph in Egypten.$bTreurspel
=250  \\$a5th ed. [?]
=260  \\$aAmsterdam$bde Wees$c1644 [?]
=300  \\$as.n.
=501  \\$ain a convolute 'Treurspelen, vol. 2' (c. 1700) ex libris Jan van den Arend (stamp, ms. shelfmark no. 363)
=561  \\$aOriginally published in 1640
=648  \0$a17th Century (1601-1700)$1http://www.wikidata.org/entity/Q7016$920923
=650  \0$aTransposition$1http://www.wikidata.org/entity/Q815323$93154
=650  \0$aOld Testament$1http://www.wikidata.org/entity/Q19786$923499
=651  \0$aAmsterdam (Netherlands)$1http://www.wikidata.org/entity/Q727$9135
=856  \\$uhttps://books.google.be/books?id=ysJmAAAAcAAJ$3Google Books
=942  \\$cBOO
=952  \\$00$10$2ddc$40$6KTS_1_000000000000000_C1_70_02H17_02J$70$8RAR$9871$aORPH$bORPH$cKTS1_C1$d2020-07-08$eKoopman$oKTS1 C1.70 02H17_02j$r2021-01-12 00:00:00$w2021-01-12$yBOO
=952  \\$00$10$2ddc$40$6KTS_1_000000000000000_C1_70_02H17_02J$70$8RAR$923831$aORPH$bORPH$cKTS1_C1$d2020-07-08$eKoopman$l0$oKTS1 C1.70 02H17_02j$r2021-01-12 00:00:00$w2021-01-12$yBOO
=999  \\$d871

