=LDR  01230    a2200229   4500
=001  873
=008  220120q1641\\\\\\\|||||\||||\00|\d\dut\d
=041  \\$adut
=100  \\$aVondel, Joost van den$d1587-1679$4aut$1http://www.wikidata.org/entity/Q312673$95247
=245  \\$aPeter en Pauwels.$bTreurspel
=250  \\$a1st ed. [?]
=260  \\$aAmsterdam$bde Wees$bvan der Stichel$c1641 [?]
=300  \\$a[60] pages
=501  \\$aIn a convolute 'Treurspelen, vol. 2' (c. 1700) ex libris Jan van den Arend (stamp, ms. shelfmark no. 363)
=648  \0$a17th Century (1601-1700)$1http://www.wikidata.org/entity/Q7016$920923
=650  \0$aTransposition$1http://www.wikidata.org/entity/Q815323$93154
=651  \0$aAmsterdam (Netherlands)$1http://www.wikidata.org/entity/Q727$9135
=856  \\$uhttps://books.google.be/books?id=G55iAAAAcAAJ$3Google Books
=942  \\$cBOO
=952  \\$00$10$2ddc$40$6KTS_1_000000000000000_C1_70_02F17_02L$70$8RAR$9873$aORPH$bORPH$cKTS1_C1$d2020-07-08$eKoopman$oKTS1 C1.70 02F17_02l$r2021-01-12 00:00:00$w2021-01-12$yBOO
=952  \\$00$10$2ddc$40$6KTS_1_000000000000000_C1_70_02F17_02L$70$8RAR$923833$aORPH$bORPH$cKTS1_C1$d2020-07-08$eKoopman$l0$oKTS1 C1.70 02F17_02l$r2021-01-12 00:00:00$w2021-01-12$yBOO
=999  \\$d873

