=LDR  01569    a2200265   4500
=001  877
=008  220120s1636\\\\|||a||||\||||\00|\d\dut\d
=041  \\$adut
=100  \\$aVondel, Joost van den$d1587-1679$4aut$1http://www.wikidata.org/entity/Q312673$95247
=245  \\$aHet pascha, ofte De verlossinge Israëls uyt Egypten
=250  \\$a2nd ed.
=260  \\$aAmsterdam$bHouthaeck$c1636
=300  \\$a[56] pages
=501  \\$aIn a convolute 'Treurspelen, vol. 2' (c. 1700) ex libris Jan van den Arend (stamp, ms. shelfmark no. 363); this piece clearly has a different origin and size than other pieces in the convolute
=534  \\$aOriginally published by Broorsz., Amsterdam, 1636
=648  \0$a17th Century (1601-1700)$1http://www.wikidata.org/entity/Q7016$920923
=650  \0$aTransposition$1http://www.wikidata.org/entity/Q815323$93154
=650  \0$aOld Testament$1http://www.wikidata.org/entity/Q19786$923499
=651  \0$aAmsterdam (Netherlands)$1http://www.wikidata.org/entity/Q727$9135
=700  \\$4ill$aMoeyaert, Claes Corneliszoon$dc. 1592-1655$1http://www.wikidata.org/entity/Q59661$95569
=856  \\$uhttps://books.google.be/books?id=OlhkAAAAcAAJ$3Google Books
=942  \\$cBOO
=952  \\$00$10$2ddc$40$6KTS_1_000000000000000_C1_70_02F17_02P$70$8RAR$9877$aORPH$bORPH$cKTS1_C1$d2020-07-08$eKoopman$oKTS1 C1.70 02F17_02p$r2021-01-12 00:00:00$w2021-01-12$yBOO
=952  \\$00$10$2ddc$40$6KTS_1_000000000000000_C1_70_02F17_02P$70$8RAR$923837$aORPH$bORPH$cKTS1_C1$d2020-07-08$eKoopman$l0$oKTS1 C1.70 02F17_02p$r2021-01-12 00:00:00$w2021-01-12$yBOO
=999  \\$d877

