=LDR  01019aam a2200217   4500
=001  878
=008  211207s1646\\\\|||fa|||\||||\00|\p\dut\d
=041  \\$adut
=100  \\$aVergilius$d70 BC-19 BC$4aut$1http://www.wikidata.org/entity/Q1398$94960
=245  \\$aPublius Virgilius Maroos wercken
=260  \\$aAmsterdam$bde Wees$c1646
=300  \\$a[xxiv]-407  pages
=336  \\$aprinted
=648  \0$a17th Century (1601-1700)$1http://www.wikidata.org/entity/Q7016$920923
=648  \0$aClassical Antiquity (8th Century BC-6th Century AD)$1http://www.wikidata.org/entity/Q486761$921435
=650  \0$aPoetry$1http://www.wikidata.org/entity/Q482$93026
=700  \\$4trl$aVondel, Joost van den$d1587-1679$1http://www.wikidata.org/entity/Q312673$95247
=856  \\$uhttps://books.google.be/books?id=dgQUAAAAQAAJ$3Google Books
=942  \\$cBOO
=952  \\$00$10$2ddc$40$6KTS_1_000000000000000_C1_70_02F18$70$8RAR$9878$aORPH$bORPH$cKTS1_C1$d2020-07-08$eKoopman$oKTS1 C1.70 02F18$p20137924$r2021-01-12 00:00:00$w2021-01-12$yBOO
=999  \\$d878

