=LDR  01852aam a2200277   4500
=001  879
=008  231023r19681632||||||||\||||\00|\0d\\\\d
=041  \\$adut
=100  \\$aCats, Jacob$d1577-1660$4aut$1http://www.wikidata.org/entity/Q46151$95081
=245  \\$aSpiegel van den Ouden en Nieuwen Tijdt.$bFacsimile-herdruk van de uitgave 's-Gravenhage, Isaac Burchoorn, 1632 (gelijk in uiterlijk en formaat). Met bijlage: inleiding door H.H. Zwager
=260  \\$aAmsterdam$bFacsimile Uitgaven Nederland N.V.$c1968
=300  \\$a3 vols. in 1 (16-[xviii]-168-56-104-24-160-16 pages)$bleather bound, cover and spine embossed in gold, engraved frontispiece, engravings$eloose 16-page supplement with introduction containing portrait and illustrations
=490  \\$aHerleefd Verleden
=500  \\$aFacsimile reproduction of the first edition of 1632
=500  \\$asee also 04I01
=590  \\$aBestaende uyt Spreek-woorden ende Sin-spreucken, ontleent van de voorige ende jegenwoordige eeuwe, verlustigt door menigte van Sinne-beelden, met Gedichten en Prenten daer op passende. Dienstigh tot bericht van alle gedeelten des levens; beginnende van de Kintsheyt, ende eyndigende met het eynde alles vleesch
=648  \0$a17th Century (1601-1700)$1http://www.wikidata.org/entity/Q7016$920923
=650  \0$aPoetry$1http://www.wikidata.org/entity/Q482$93026
=650  \0$aEmblem$1http://www.wikidata.org/entity/Q112110$93250
=650  \0$aFine art$1http://www.wikidata.org/entity/Q219625$921579
=651  \0$aAmsterdam (Netherlands)$1http://www.wikidata.org/entity/Q727$9135
=700  \\$aZwager, H. H.$4win$915669
=856  \\$u[]$3https://books.google.be/books?id=deTl7AGdC68C
=942  \\$cBOO
=952  \\$00$10$2ddc$40$6LIT_CATS_A$70$8LIT$923004$aORPH$bORPH$cKM12_2_H$d2020-07-08$eKoopman$l0$oLIT CATS a$p20126072$r2023-10-24 00:00:00$w2023-10-24$yBOO
=999  \\$d879

