=LDR  01652aam a2200229   4500
=001  880
=008  231024s1776\\\\|||a||||\||||\00|\0\fre\d
=041  \\$afre$hger
=100  \\$aGeorgi, Johann Gottlieb$d1729-1802$1http://www.wikidata.org/entity/Q77432$4aut$926616
=245  \\$aDescription de toutes les nations de l’empire de Russie, ou l’on expose leurs moeurs, religions, usages, habitations, habillemens et autres particularites remarquables ... traduite de l’Allemand.$n vols. 1-2/3$pI: Les Nations d'Origine Finnoise - II: Les Nations Tatares établies dans cet emprire
=260  \\$aSint-Petersburg$bMüller$c1776
=300  \\$a2 vols ([vi]-108 + [iv]-228 pages)$bmarbled cardboard cover, uncut edges, engravings 
=648  \0$a18th Century (1701-1800)$1http://www.wikidata.org/entity/Q7015$920899
=650  \0$aHistory$1http://www.wikidata.org/entity/Q309$921403
=651  \0$aRussia$1http://www.wikidata.org/entity/Q159$921008
=765  \\$aBeschreibung aller Nationen des Rußischen Reichs, ihrer Lebensart, Religion, Gebräuche, Wohnungen, Kleidungen und übrigen Merkwürdigkeiten
=856  \\$uhttps://books.google.be/books?id=bjFgAAAAcAAJ$3Google Books
=856  \\$uhttps://books.google.be/books?id=jDFgAAAAcAAJ$3Google Books
=942  \\$cBOO
=952  \\$00$10$2ddc$3vol.1$40$6KTS_1_000000000000000_C3_33_04I02$70$8RAR$9880$aORPH$bORPH$cKTS1_C3$d2020-07-08$eKoopman$oKTS1 C3.33 04I02$p20145931$r2021-01-12 00:00:00$w2021-01-12$yBOO
=952  \\$00$10$2ddc$3vol.2$40$6KTS_1_000000000000000_C3_34_04I03$70$8RAR$923005$aORPH$bORPH$cKTS1_C3$d2020-07-08$eKoopman$l0$oKTS1 C3.34 04I03$p20145934$r2023-10-24 00:00:00$w2021-01-12$yBOO
=999  \\$d880

