=LDR  02423aam a2200337   4500
=001  881
=008  231024s1742\\\\|||g||||\||||\00|\0\fre\d
=041  \\$afre
=059  \\$av
=100  \\$aMartin, David$d1639-1721$4aut$1http://www.wikidata.org/entity/Q3018380$95874
=245  \\$aLa Sainte Bible. Qui contient le vieux et le nouveau Testament - Les Pseaumes de David. Mis en Vers François
=246  \1$aLa Sainte Bible$bExpliquée par Mr. Martin
=250  \\$anew edition
=260  \\$aAmsterdam$bCovens$bMortier$aThe Hague$bMoetjens$c1742
=300  \\$a[viii]-889-289-140 pages$bleather bound, embossed cover, engraved frontispiece, music
=500  \\$aDavid Martin was a learned French Protestant theologian. 
=500  \\$aOriginally edited in Amsterdam 1707, undertaken at the request of the Walloon churches, this revision of the Geneva Bible was approved by the Synod of Leuwarden in May 1710. Martin appended a general Preface on the versions of the sacred text, theological, moral and critical notes, prefaces specific to each book and an indication of parallel passages. The style, retouched by the author in areas that had become outdated, soon needed to be rejuvenated, a painstaking task undertaken in the eighteenth century by the Neuchâtel pastor Ostervald.
=500  \\$aembossed gilded text on front cover: Eglise Walonne 1843
=501  \\$aBound in with 'Cantiques pour le Culte Publique'
=590  \\$aRevue sur les Originaux, & retouchée dans le language Avec de petities Notes marginales, & les Textes paralléles.
Revus et approuvez par le Synaode Walon des Provinces-Unies
=648  \0$a18th Century (1701-1800)$1http://www.wikidata.org/entity/Q7015$920899
=650  \0$aReligion$1http://www.wikidata.org/entity/Q9174$93062
=650  \0$aBible$1http://www.wikidata.org/entity/Q1845$921581
=650  \0$aVocal music$1http://www.wikidata.org/entity/Q685884$93319
=650  \0$aChurch music$1http://www.wikidata.org/entity/Q8812109$92283
=650  \0$aPsalm$1http://www.wikidata.org/entity/Q12497663$92164
=650  \0$aProtestantism$1http://www.wikidata.org/entity/Q23540$921012
=651  \0$aNetherlands$1http://www.wikidata.org/entity/Q55$9173
=942  \\$cBOO
=952  \\$00$10$2ddc$40$6KTS_1_000000000000000_C3_33_04I04$70$8RAR$9881$aORPH$bORPH$cKTS1_C3$d2020-07-08$eKoopman$oKTS1 C3.33 04I04$p20145933$r2021-01-12 00:00:00$w2021-01-12$xVan plaats verwisseld met 04I03$yBOO
=999  \\$d881

