=LDR  01356aam a2200241   4500
=001  882
=008  231024s1810\\\\||||||||\||||\00|\0\fre\d
=041  \\$afre
=059  \\$apf
=100  \\$aCramer, Johann Baptist$d1771-1858$4cmp$1http://www.wikidata.org/entity/Q455212$94780
=245  \\$aÉtude pour le piano forte en 84 exercices dans les différents tons
=260  \\$aAmsterdam$bSteup$c1810
=300  \\$a89+101 pages
=500  \\$amanuscript notation on front matter: "Prijs voor de tweede klasse, tweede afdeeling van het onderwijs op de forte piano, op den 5den junij 1839 uitgereikt aan de kweekelinge Anna Alida Willems, door de commissie van toezigt over de koninklijke muzykschool te Amsterdam"
=648  \0$a19th Century (1801-1900)$1http://www.wikidata.org/entity/Q6955$920935
=650  \0$aÉtude$1http://www.wikidata.org/entity/Q207841$924650
=650  \0$aPiano$1http://www.wikidata.org/entity/Q5994$92127
=650  \0$aMusic education$1http://www.wikidata.org/entity/Q27908$921766
=650  \0$aPrize book$1http://www.wikidata.org/entity/Q7246538$925382
=651  \0$aAmsterdam (Netherlands)$1http://www.wikidata.org/entity/Q727$9135
=942  \\$cSCO
=952  \\$00$10$2ddc$40$6KTS_1_000000000000000_C3_34_04I05$70$8RAR$9882$aORPH$bORPH$cKTS1_C3$d2020-07-08$eKoopman$oKTS1 C3.34 04I05$p20145935$r2021-01-12 00:00:00$w2021-01-12$ySCO
=999  \\$d882

