=LDR  04044    a2200649   4500
=001  883
=008  230817s1780\\\\|||ga|||\||||\00|\0\fre\d
=041  \\$afre
=245  \\$aMusique :$nRecueil de planches tome second; Planches et supplements; Suppléments planches 1-16
=260  \\$aParis$bBriasson$bLe Breton$c1780
=300  \\$a48-[19]-52+[19]-[20]-[20] pages
=500  \\$aThe Encyclopédie ou Dictionnaire raisonné des sciences, des arts et des métiers, par une Société de Gens de lettres was published under the direction of Diderot and d'Alembert, with 17 volumes of text and 11 volumes of plates between 1751 and 1772.
=500  \\$a04I06a contains the 'Receuil de planches tome second' and 'Planches et supplements' and is bound in brown leather; 04I06b contains another copy of the 'Planches et supplements' and two copies of the 'Suppléments planches 1-16' and are loosely kept in a grey folder.
=561  \\$aEx libris Adrien de Givenchy (stamp)
=648  \0$1http://www.wikidata.org/entity/Q7015$a18th Century (1701-1800)$920899
=650  \0$aMusic theory$1http://www.wikidata.org/entity/Q193544$92662
=650  \0$aIconography$1http://www.wikidata.org/entity/Q208145$921259
=650  \0$aEncyclopedia$1http://www.wikidata.org/entity/Q5292$92184
=650  \0$aEnlightenment$1http://www.wikidata.org/entity/Q12539$94532
=651  \0$1http://www.wikidata.org/entity/Q142$aFrance$9131
=653  \0$aaccent$3pl. vii$020145927$w04I06a$928439
=653  \0$aBlainville$337, 38, pl. xv, 41$020145927$w04I06a$929602
=653  \0$aBlanchet$320$020145927$w04I06a$929612
=653  \0$abasse fondamentale$348, pl. xvii$020145927$w04I06a$929156
=653  \0$abeiaard$319, 20 (pl. vii)$020145927$w04I06a$929377
=653  \0$aoverpuncteren$3pl. vii$020145927$w04I06a$935679
=653  \0$adoedelzak$320, pl. vii$020145927$w04I06a$931125
=653  \0$aenharmoniek$318, 35, 36$020145927$w04I06a$931476
=653  \0$aflageoletten$323, 24, 25, pl. xi$020145927$w04I06a$931743
=653  \0$aTartini$325, 30, 35, 37, 40, 41$020145927$w04I06a$936748
=653  \0$atemperatuur$333-35, pl. xiii-xiv, 40 pl. xxv, 41, 46, 47$020145927$w04I06a$936807
=653  \0$atempo$320$020145927$w04I06a$936814
=653  \0$agitaartabulatuur$340, pl. xvi$020145927$w04I06a$932209
=653  \0$atierce coulé$3pl. vii$020145927$w04I06a$936925
=653  \0$atoevoegen van trillers etc$3pl. vii$020145927$w04I06a$936988
=653  \0$agregoriaans$322, 21 pl. xi$020145927$w04I06a$932368
=653  \0$atremblement lié$3pl. vii$020145927$w04I06a$937092
=653  \0$aRameau$341, 47, pl.xvi$020145927$w04I06a$938219
=653  \0$arègle de l'octave$318 (pl.vi)$020145927$w04I06a$938325
=653  \0$akoor/orkestopstelling$323, pl. xi$020145927$w04I06a$933679
=653  \0$aRousseau, J.J.$34, 20, 26, 41, 46$020145927$w04I06a$938595
=653  \0$aSalmon$335$020145927$w04I06a$938715
=653  \0$alengte van appoggiatura$3pl. vii$020145927$w04I06a$934038
=653  \0$aSauveur$338, 41$020145927$w04I06a$938774
=653  \0$aslagwerk$3pl. vii$020145927$w04I06a$939152
=653  \0$amars$320$020145927$w04I06a$934486
=653  \\$aBalière$332$929043$020145927$w04I06a
=653  \\$aflattement$3pl. vii$931749$020145927$w04I06a
=653  \\$aherhalingstekens$319 (pl. vi)$932727$020145927$w04I06a
=653  \\$aMalcolm$335$934394$020145927$w04I06a
=700  \\$ad'Alembert, Jean Le Rond$d1717-1783$1http://www.wikidata.org/entity/Q153232$4edt$94826
=700  \\$aDiderot, Denis$d1713-1784$1http://www.wikidata.org/entity/Q448$4edt$914909
=856  4\$uencyclopedie.uchicago.edu
=942  \\$cBOO
=952  \\$00$10$2ddc$3Tome second$40$6KTS_1_000000000000000_C3_34_04I06A$70$8RAR$9883$aORPH$bORPH$cKTS1_C3$d2020-07-08$eKoopman$oKTS1 C3.34 04I06a$p20145927$r2021-01-12 00:00:00$w2021-01-12$yBOO
=952  \\$00$10$2ddc$3Planches et supplements$40$6KTS_1_000000000000000_C3_34_04I06B$70$8RAR$9884$aORPH$bORPH$cKTS1_C3$d2020-07-08$eKoopman$oKTS1 C3.34 04I06b$p20145928$r2021-01-12 00:00:00$w2021-01-12$ySCO
=999  \\$d883

