=LDR  01736    a2200313   4500
=001  886
=008  231024s1761\\\\||||||||\||||\00|\0\lat\d
=041  \\$alat
=100  \\$aSaxe, Christoph$d1714-1806$1http://www.wikidata.org/entity/Q126697$4aut$95574
=245  \\$aIusta depulsio immanis calumniarum atrocitatis
=260  \\$aUtrecht$bBroedelet$c1761
=300  \\$a106-[1] pages
=501  \\$abound in with the Dutch translation, Saxe's 'Rechtmaatige afkeering der verregaande lasteringen'
=590  \\$aqua in ipsum ab aliqout annis, inprimis scripta ad fratrem theologvm: epistola grassatus est Petrus Burman, minor, alias secundus, mansuetudinis olim disciplinae indocilis tiro, nunc literarum humaniorum professor
=600  \0$aBurman, Pieter jr.$d1713-1778$1http://www.wikidata.org/entity/Q1346758$96629
=648  \0$a18th Century (1701-1800)$1http://www.wikidata.org/entity/Q7015$920899
=650  \0$aCultural history$1http://www.wikidata.org/entity/Q858517$922395
=650  \0$aQuarrel$1http://www.wikidata.org/entity/Q2357965$922897
=651  \0$aNetherlands$1http://www.wikidata.org/entity/Q55$9173
=653  \0$aGruterus$386, 87$020145930a$w04I07$932445
=653  \0$aHeinsius$313, 52, 56, 94$020145930a$w04I07$932678
=653  \0$aRubens$345$020145930a$w04I07$938616
=653  \\$aGesner$356-58$932147$020145930a$w04I07
=653  \\$aSaxe, C. $3wb, 104$938779$020145930a$w04I07
=653  \\$aSteen, J.$345$936521$020145930a$w04I07
=856  \\$uhttps://books.google.be/books?id=nJlZAAAAcAAJ$3Google Books
=942  \\$cBOO
=952  \\$00$10$2ddc$40$6KTS_1_000000000000000_C3_34_04I07A$70$8RAR$9886$aORPH$bORPH$cKTS1_C3$d2020-07-08$eKoopman$oKTS1 C3.34 04I07a$p20145930a$r2021-01-12 00:00:00$w2021-01-12$yBOO
=999  \\$d886

