=LDR  01565aam a2200241   4500
=001  887
=008  231024b\\\\\\\\||||||||\||||\00|\0\dut\d
=041  \\$adut$hlat
=100  \\$aSaxe, Christoph$d1714-1806$4aut$95574
=245  \\$aRechtmatige afkeering der verregaande lasteringen … van zekere P. Burman, den Kleine, Alias Secundus
=260  \\$aUtrecht$aAmsterdam$bBroedelet$bKroon$bMagerus$bLequien$cs.d.
=300  \\$a[viii]-106-[1] pages
=501  \\$aBound in with the original Latin version, Saxe's 'Iusta depulsio immanis calumniarum atrocitatis'
=590  \\$aFull title: 'Rechtmatige afkeering der verregaande lasteringen, op hem sedert eenige jaaren uitgespoogen, inzonderheid in den Theologisch-broederlijken Brief van zekeren P. Burman, den kleine, alias Secundus, eertijds Botmuil in het oefenen der beschaavende zedenkunde, thans Hoogleeraar van de beschaafde Wetenschappen.’
=600  \0$aBurman, Pieter jr.$d1713-1778$1http://www.wikidata.org/entity/Q1346758$96629
=648  \0$a18th Century (1701-1800)$1http://www.wikidata.org/entity/Q7015$920899
=650  \0$aCultural history$1http://www.wikidata.org/entity/Q858517$922395
=650  \0$aQuarrel$1http://www.wikidata.org/entity/Q2357965$922897
=651  \0$aNetherlands$1http://www.wikidata.org/entity/Q55$9173
=856  \\$uhttps://books.google.be/books?id=3JlZAAAAcAAJ$3Google Books
=942  \\$cBOO
=952  \\$00$10$2ddc$40$6KTS_1_000000000000000_C3_34_04I07B$70$8RAR$9887$aORPH$bORPH$cKTS1_C3$d2020-07-08$eKoopman$oKTS1 C3.34 04I07b$p20145930b$r2021-01-12 00:00:00$w2021-01-12$yBOO
=999  \\$d887

