=LDR  02089aam a2200301   4500
=001  888
=008  231024s1788\\\\||||||||\||||\00|\0aeng\d
=041  \\$aeng
=100  \\$aDibdin, Charles$d1745-1814$4aut$1http://www.wikidata.org/entity/Q1064116$95576
=245  \\$aThe Musical Tour of Mr. Dibdin
=250  \\$a1st ed.
=260  \\$aSheffield$bGales$c1788
=300  \\$av-443 pages$b17 plates of music examples inserted
=500  \\$aCharles Dibdin (1745-1814) was an English composer, musician, dramatist, novelist, singer and actor. With over 600 songs to his name, for many of which he wrote both the lyrics and the music and performed them himself, he was in his time the most prolific English singer-songwriter. He also wrote about 30 dramatic pieces, including the operas The Waterman (1774) and The Quaker (1775), and several novels, memoirs and histories.
=500  \\$aSee also record 10H02 for a collection of 89 songs, mostly on the theme of the sea, many from Dibdin's own mono dramatic entertainments. 
=500  \\$aFor more information on theatre practice of the time, see the autobiography of Charles' son Thomas John Dibdin (1771-1841), records 04E14 & 04E15
=561  \\$aEx libris Sir John Smith, Bart. (plate)
=563  \\$aBound in brown leather, marbled endpapers
=590  \\$ain Which, previous to his embarkation to India, he finished his career as a public character
=648  \0$a18th Century (1701-1800)$1http://www.wikidata.org/entity/Q7015$920899
=650  \0$aTravel$1http://www.wikidata.org/entity/Q61509$94440
=650  \0$aMusic history$1http://www.wikidata.org/entity/Q846047$921373
=650  \0$aCultural history$1http://www.wikidata.org/entity/Q858517$922395
=651  \0$aUnited Kingdom$1http://www.wikidata.org/entity/Q21$9273
=856  \\$uhttps://quod.lib.umich.edu/e/ecco/004897532.0001.000?view=toc$3University of Michigan Library
=942  \\$cBOO
=952  \\$00$10$2ddc$40$6KTS_1_000000000000000_C3_34_04I08$70$8RAR$9888$aORPH$bORPH$cKTS1_C3$d2020-07-08$eKoopman$oKTS1 C3.34 04I08$p20145937$r2021-01-12 00:00:00$w2021-01-12$yBOO
=999  \\$d888

