=LDR  03726aam a2200625   4500
=001  890
=008  220524s1771\\\\|||g||||\||||\00|\0\eng\d
=041  \\$aeng
=059  \\$av
=100  \\$aMorley, Thomas$d1557-?1603$4aut$1http://www.wikidata.org/entity/Q438141$95578
=245  \\$aA Plain and Easy Introduction to Practical Music
=260  \\$aLondon$bRandall$c1771
=300  \\$a[viii]-iv-260-29 pages
=500  \\$aCited in Koopman 2008, 1
=500  \\$aLast page contains erased handwriting: writing exercises?
=504  \\$aList of subscribers, mentioning among others [Thomas] Atwood, Samuel Arnold, William Boyce, Charles Burney, Robert Bremner, Cahusac, Aaron Hill, Charles Jennens, Thomas Linley, Edward Miller, Frederick Nicolay [Friedrich Nicolai], Samuel Sharp, Stephen Storace, 
=534  \\$aOriginally published in 1597
=563  \\$aProbably 20th-century binding, with acidified cardboard
=590  \\$aSet down in form of a Dialogue, Divided into Three Parts, The First Teacheth to Sing, The Second Treateth of Descant, The Third Treateth of Composition, By Thomas Morley Batchelor of Music. As Printed in the Year 1597. Now Reprinted for William Randall Successor to the late Mr. Walsh in Catharine Street, in the Strand, London.
=648  \0$a16th Century (1501-1600)$1http://www.wikidata.org/entity/Q7017$920944
=648  \0$a18th Century (1701-1800)$1http://www.wikidata.org/entity/Q7015$920899
=650  \0$aMethod$1http://www.wikidata.org/entity/Q2250960$921402
=650  \0$aMusic theory$1http://www.wikidata.org/entity/Q193544$92662
=650  \0$aCounterpoint$1http://www.wikidata.org/entity/Q186393$921487
=650  \0$aCanon$1http://www.wikidata.org/entity/Q53831$92130
=650  \0$aImprovisation$1http://www.wikidata.org/entity/Q1049625$93640
=650  \0$aComposing$1http://www.wikidata.org/entity/Q92186587$93076
=651  \0$aUnited Kingdom$1http://www.wikidata.org/entity/Q21$9273
=653  \0$aboekoplage$3list of subscribers$020134276$w04I10$929699
=653  \0$aboekprijs$3tp$020134276$w04I10$929701
=653  \0$aBoyce, W.$3subscribers ii$020134276$w04I10$929866
=653  \0$aBremner, R.$3subscribers ii$020134276$w04I10$929931
=653  \0$aBurney, C.$3subscribers ii$020134276$w04I10$930058
=653  \0$aCahusac$3subscribers iii$020134276$w04I10$930117
=653  \0$acello ?$3tp$020134276$w04I10$930346
=653  \0$aHayby, Th. $3subscribers iv$020134276$w04I10$932637
=653  \0$aJennens, Ch. $3subscribers iv$020134276$w04I10$933210
=653  \0$aklavecimbel_Engeland 18e eeuw$3tp$020134276$w04I10$933483
=653  \0$aSalmon$3subscribers vi$020134276$w04I10$938715
=653  \0$aLinley, Th. $3subscribers iv$020134276$w04I10$934134
=653  \\$aArnold, S.$3subscribers i$928793$020134276$w04I10
=653  \\$aAttwood, T. $3subscribers i$928855$020134276$w04I10
=653  \\$aBates$3subscribers ii$929214$020134276$w04I10
=653  \\$aCook$3subscribers iii$930707$020134276$w04I10
=653  \\$aHayes$3subscribers iv$932646$020134276$w04I10
=653  \\$aHolden, W.$3subscribers iv$932856$020134276$w04I10
=653  \\$aLongman$3subscribers iv$934196$020134276$w04I10
=653  \\$aRandall, J.$3subscribers vi$938235$020134276$w04I10
=653  \\$aStorace$3subscribers vi$936609$020134276$w04I10
=765  \\$aA Plaine and Easie Introduction to Practicall Musicke
=856  \\$uhttps://www.loc.gov/item/11027699/$3Library of Congress
=856  \\$uhttps://www.loc.gov/item/11027699/manifest.json$3IIIF manifest
=942  \\$cBOO
=952  \\$00$10$2ddc$40$6KTS_1_000000000000000_C3_34_04I10$70$8RAR$9890$aORPH$bORPH$cKTS1_C3$d2020-07-08$eKoopman$oKTS1 C3.34 04I10$p20134276$r2021-01-12 00:00:00$w2021-01-12$yBOO
=999  \\$d890

