=LDR  02499    a2200481   4500
=001  891
=008  231024s1779\\\\|||agf||\||||\00|\0\ita\d
=041  \\$aita
=100  \\$aVallotti, Francesco Antonio$d1697-1780$4aut$1http://www.wikidata.org/entity/Q1395790$95579
=245  \\$aDella scienza teoretica, e pratica della moderna musica, libro primo
=250  \\$a1st ed.
=260  \\$aPadua$bManfre$c1779
=300  \\$axxxi-168 pages$b8 folded sheets with music examples
=500  \\$aOnly one volume appears to have been published
=561  \\$aEx libris Aloysii de Erassi (?) (manuscript)
=563  \\$aKept in a firm green box
=648  \0$a18th Century (1701-1800)$1http://www.wikidata.org/entity/Q7015$920899
=650  \0$aMusic theory$1http://www.wikidata.org/entity/Q193544$92662
=650  \0$aHarmony$1http://www.wikidata.org/entity/Q184421$92358
=651  \0$aPadua (Italy)$1http://www.wikidata.org/entity/Q617$923322
=653  \0$aBlainville$3139$020145929$w04I11$929602
=653  \0$aboekprijs$3voorblad$020145929$w04I11$929701
=653  \0$aColonna, G.P.$3116$020145929$w04I11$930603
=653  \0$aorgels_Padua 18e eeuw$369, 77, 92$020145929$w04I11$935596
=653  \0$aDescartes$314, 15$020145929$w04I11$931024
=653  \0$adrukfouten$3xxxi$020145929$w04I11$931221
=653  \0$aEuler$360$020145929$w04I11$931547
=653  \0$aTartini$3xi, xvi, 60, 139-141$020145929$w04I11$936748
=653  \0$atemperatuur$3xxv, 142, 143$020145929$w04I11$936807
=653  \0$aZarlino$311-26, 26-28, 31, 61$020145929$w04I11$938113
=653  \0$aRameau, J.P.$3xvi, xxvi, 9, 11, 14, 61, 62, 97-100, 118$020145929$w04I11$938224
=653  \0$aRousseau, J.J.$3xxvi$020145929$w04I11$938595
=653  \0$aSauveur$311$020145929$w04I11$938774
=653  \0$aMartini, Padre$3161$020145929$w04I11$934501
=653  \0$aMersenne$311$020145929$w04I11$934691
=653  \\$acomma$3142, 143$930613$020145929$w04I11
=653  \\$amonochordmeting$37, 8, 13$934826$020145929$w04I11
=653  \\$aSerre, J.A.$3viii, xi$939072$020145929$w04I11
=653  \\$avoorhouding en oplossing$3115, 116$937745$020145929$w04I11
=856  \\$uhttps://imslp.org/wiki/Della_scienza_teorica_e_pratica_della_moderna_musica_(Vallotti%2C_Francesco_Antonio)$3International Music Score Library Project
=942  \\$cBOO
=952  \\$00$10$2ddc$40$6KTS_1_000000000000000_C3_34_04I11$70$8RAR$9891$aORPH$bORPH$cKTS1_C3$d2020-07-08$eKoopman$oKTS1 C3.34 04I11$p20145929$r2021-01-12 00:00:00$w2021-01-12$yBOO
=999  \\$d891

