=LDR  02095aam a2200301   4500
=001  894
=008  231025s1796\\\\|||ga|||\||||\00|\0\mul\d
=041  \\$alat$adut
=059  \\$av
=100  \\$aHauchinus, Joannes$d1527-1589$1http://www.wikidata.org/entity/Q2123666$4edt$95582
=245  \\$aPastorale Rituali Romano accomodatum, canones et ritus ecclesiasticos,$bqui ad sacramentorum administrationem, aliaque pastoralia officia ritè obeunda pertinenent, complectens
=260  \\$aAntwerp$bPlantin$c1796
=300  \\$bleather bound, title page engraved and in red and black ink, text and music examples troughout in red & black ink, pasted leather index-tabs$a[xxiv]-296 pages$einserted manuscript folded paper
=500  \\$asee also 09I03
=500  \\$aJacobus Boonen was the sixth Bishop of Ghent (1617–1620) and the fourth Archbishop of Mechelen (1621–1655).
=500  \\$aJean Hauchin was a Roman Catholic theologian and the second Archbishop of Mechelen (1583-1589). In 1588 he had the Pastorale Mechliniense, commissioned from the theologians of Leuven University, published by Christophe Plantin in Antwerp. This is a handbook of the rites to be used by priests throughout the ecclesiastical province.
=648  \0$a18th Century (1701-1800)$1http://www.wikidata.org/entity/Q7015$920899
=650  \0$aPrayer$1http://www.wikidata.org/entity/Q40953$921486
=650  \0$aPlainchant$1http://www.wikidata.org/entity/Q2707688$921363
=650  \0$aLiturgy$1http://www.wikidata.org/entity/Q172331$92284
=650  \0$aCatholicism$1http://www.wikidata.org/entity/Q1841$921631
=651  \0$aMechelen (Belgium)$1http://www.wikidata.org/entity/Q162022$921975
=653  \\$aklokkenzegenen$3211-213$933634$020145947$w04I14
=700  \\$aBoonen, Jacobus$d1573-1655$1http://www.wikidata.org/entity/Q2265364$95583
=856  \\$uhttps://books.google.be/books?id=IU4Xj1HOMEYC$3Google Books
=942  \\$cBOO
=952  \\$00$10$2ddc$40$6KTS_1_000000000000000_C3_34_04I14$70$8RAR$9894$aORPH$bORPH$cKTS1_C3$d2020-07-08$eKoopman$oKTS1 C3.34 04I14$p20145947$r2021-01-12 00:00:00$w2021-01-12$yBOO
=999  \\$d894

