=LDR  16594aam a2202845   4500
=001  895
=008  211119s1909\\\\\\\acf||\||||\00|\0\dut\d
=041  \\$adut
=100  \\$aScheurleer, Daniel François$d1855-1927$4aut$1http://www.wikidata.org/entity/Q3976286$95584
=245  \\$aHet muziekleven in Nederland in de tweede helft der 18e eeuw
=260  \\$aThe Hague$bNijhoff$c1909
=300  \\$axi-432 pages
=500  \\$aDaniël François Scheurleer (1855-1927) was a banker, entrepreneur and music historian who founded the Société Union Musiologique in 1921, collected some 1100 music instruments (now held at the Gemeentemuseum in The Hague and Amsterdam Rijksmuseum) and published various studies on Dutch music history. His library is currently preserved at the Nederlands Muziek Instituut.
=500  \\$aDensely illustrated, filled with portraits and scenery
=500  \\$a2 vols. with continued pagination
=500  \\$aNewspaper page of the 'Haagsche Courant' loosely inserted in the first volume
=563  \\$aBound in hardcover white linen with colorprint decorations, front covers embossed with gold
=590  \\$ain verband met Mozart's verblijf aldaar. Met meer dan 200 afbeeldingen
=600  \0$aMozart, Wolfgang Amadeus$d1756-1791$1http://www.wikidata.org/entity/Q254$95341
=648  \0$a18th Century (1701-1800)$1http://www.wikidata.org/entity/Q7015$920899
=650  \0$aMusic history$1http://www.wikidata.org/entity/Q846047$921373
=651  \0$aNetherlands$1http://www.wikidata.org/entity/Q55$9173
=651  \0$aThe Hague (Netherlands)$1http://www.wikidata.org/entity/Q36600$910
=651  \0$aAmsterdam (Netherlands)$1http://www.wikidata.org/entity/Q727$9135
=653  \0$a??$3vi, x, 83$020145938$w04I15$928331
=653  \0$aAbel, C.F.$381$020145938$w04I15$928421
=653  \0$aad lib. bezetting$355, 94, 95, 163, 170$020145938$w04I15$928471
=653  \0$aAgrell$3211$020145939$w04I16$928529
=653  \0$aAmsterdamse schouwburg$3194-291$020145939$w04I16$928679
=653  \0$aAnne, Queen$371, 74, 77$020145938$w04I15$928706
=653  \0$aBach, C.P.E.$395$020145938$w04I15$928902
=653  \0$abezetting (voc.)$3213, 217, 267 afb., 271, 272, 274, 278, 281, 282, 285, 286$020145939$w04I16$929527
=653  \0$aBach, W.F.$395$020145938$w04I15$928997
=653  \0$abibliotheek$376, 78$020145938$w04I15$929548
=653  \0$abibliotheek$3264, 266, 347, 349$020145939$w04I16$929548
=653  \0$aballet / dansen$3225-230, 261$020145939$w04I16$929048
=653  \0$aBlankenburg, Q. van $3155$020145938$w04I15$929619
=653  \0$ablokfluit$352, 87$020145938$w04I15$929645
=653  \0$aboekoplage$3300 sic$020145939$w04I16$929699
=653  \0$aboekprijs$315, 34, 43, 77, 92, 93, 131, 164 afb., 170$020145938$w04I15$929701
=653  \0$aboekprijs$3300, 350, 357, 367, 368, 370$020145939$w04I16$929701
=653  \0$abeiaard$313, 247$020145939$w04I16$929377
=653  \0$aBoutmy, fam$3162, 163$020145938$w04I15$929849
=653  \0$abespelen van meer instrumenten$347, 55, 98, 104, 106, 107, 158$020145938$w04I15$929496
=653  \0$abespeler van meer muziekinstrumenten$3202, 204, 323, 365$020145939$w04I16$929499
=653  \0$aBurney, C.$3193, 194$020145939$w04I16$930058
=653  \0$acello$315, 53, 82, 166, 190$020145938$w04I15$930344
=653  \0$acello$3313, 360$020145939$w04I16$930344
=653  \0$amuziekautomaten$3100, 128, 129$020145938$w04I15$935067
=653  \0$amuziekles$398$020145938$w04I15$935084
=653  \0$amuziekuitgevers_Nederlands$387-97, 99$020145938$w04I15$935106
=653  \0$aColizzi$3102$020145938$w04I15$930589
=653  \0$acollegium musicum$361-69$020145938$w04I15$930595
=653  \0$acomponeren$359$020145938$w04I15$930621
=653  \0$aconcerten$350, 53-60, 60-86, 108, 186, 187$020145938$w04I15$930655
=653  \0$aconcerten$3194, 195, 292-$020145939$w04I16$930655
=653  \0$acontrabas$3213, 265, 311, 315$020145939$w04I16$930692
=653  \0$aCorelli, A.$355, 78$020145938$w04I15$930736
=653  \0$aopera_in Den Haag$323, 25, 28, 31, 32, 34, 44, 60, 150$020145938$w04I15$935431
=653  \0$aorgelconcerti$355$020145938$w04I15$935549
=653  \0$adansen $315, 39, 45, 53, 165$020145938$w04I15$930929
=653  \0$aoude muziek vroeger$355, 76, 78, 94 sic, 116$020145938$w04I15$935658
=653  \0$aoude muziek vroeger$3246, 247, 316$020145939$w04I16$935658
=653  \0$apantaleon$399, 100, 147$020145938$w04I15$935743
=653  \0$aDittersdorf$3267, 268$020145939$w04I16$931118
=653  \0$adoedelzak$3vii$020145938$w04I15$931125
=653  \0$adoedelzak$3236$020145939$w04I16$931125
=653  \0$aPergolesi$3256, 261, 262$020145939$w04I16$935854
=653  \0$aPhilidor$3244, 245, 246, 261$020145939$w04I16$935921
=653  \0$adwarsfluit$3ix, 87, 90, 94, 96, 102$020145938$w04I15$931340
=653  \0$adwarsfluit$3264, 321, 363$020145939$w04I16$931340
=653  \0$aentreacte muziek etc$3207, 217$020145939$w04I16$931488
=653  \0$aentréeprijs$328 afb., 30, 46 afb., 54, 57, 58, 59, 60, 62, 64, 69, 78, 83, 84, 133, 158, 186, 188$020145938$w04I15$931492
=653  \0$aentréeprijs$3198, 208, 236, 237, 244 afb., 256, 261, 267 afb., 292, 293, 302, 305, 314, 320, 327, 394$020145939$w04I16$931492
=653  \0$afagot$31, 101, 103$020145938$w04I15$931585
=653  \0$afagot$3236$020145939$w04I16$931585
=653  \0$apubliek$352, 62, 85, 83, 84, 85, 108, 110, 190$020145938$w04I15$936257
=653  \0$apubliek$3205, 236-239, 254, 313$020145939$w04I16$936257
=653  \0$aFelix Meritis Amsterdam$3304-313$020145939$w04I16$931650
=653  \0$aFesch, W. de$3212$020145939$w04I16$931690
=653  \0$aFischer, J.C.F.$382, 85, 146, 168$020145938$w04I15$931729
=653  \0$aFrancoeur$374$020145938$w04I15$931855
=653  \0$astemomvang$3269$020145939$w04I16$936561
=653  \0$aFranse invloed in Nederland$323-25, 28 afb., 29, 34, 35, 41, 46 afb., 50$020145938$w04I15$931882
=653  \0$aFranse invloed in Nederland$3244, 245, 258, 273$020145939$w04I16$931882
=653  \0$astrijkstok$387, 90$020145938$w04I15$936635
=653  \0$astrijkstok$3252, 313$020145939$w04I16$936635
=653  \0$agamba$381 sic, 103$020145938$w04I15$931995
=653  \0$agamba$3363$020145939$w04I16$931995
=653  \0$atekst$384, 85$020145938$w04I15$936775
=653  \0$aTelemann, G.P.$378$020145938$w04I15$936796
=653  \0$agitaar$3vii, x, 83$020145938$w04I15$932207
=653  \0$aglasharmonica$383?$020145938$w04I15$932219
=653  \0$atoevoegen van trillers etc$3155$020145938$w04I15$936988
=653  \0$aGluck, C. von$3224, 225, 245$020145939$w04I16$932240
=653  \0$aTorelli$378$020145938$w04I15$937033
=653  \0$atransponeren$3269$020145939$w04I16$937072
=653  \0$aGrétry$3245, 246$020145939$w04I16$932387
=653  \0$aHändel, G.F._in Nederland$358, 76$020145938$w04I15$932542
=653  \0$atrompet$387$020145938$w04I15$937194
=653  \0$aharp$387, 103$020145938$w04I15$932582
=653  \0$ahobo$385, 85, 101, 146, 166, 168$020145938$w04I15$932805
=653  \0$ahobo$3236$020145939$w04I16$932805
=653  \0$ahoboriet$3ix$020145938$w04I15$932814
=653  \0$aviolone$390$020145938$w04I15$937600
=653  \0$aviool$315, 87, 90$020145938$w04I15$937605
=653  \0$avioolhouding$3252, 313, 324, 350, 352, 356$020145939$w04I16$937615
=653  \0$aHummel, B.$388, 89, 91, 92, 146$020145938$w04I15$933003
=653  \0$aHummel, J.J.$388, 89, 91, 92, 146$020145938$w04I15$933005
=653  \0$aVivaldi, A.$3210, 211, 212 sic$020145939$w04I16$937660
=653  \0$aVivaldi, A._in Nederland$378$020145938$w04I15$937661
=653  \0$avogel-imitatie$383$020145938$w04I15$937694
=653  \0$ainventaris$399$020145938$w04I15$933115
=653  \0$ainventaris$3264, 265$020145939$w04I16$933115
=653  \0$aitaliaanse invloed in Nederland$340, 84, 96$020145938$w04I15$933148
=653  \0$aItaliaanse invloed in Nederland$3238, 238 afb, 243, 277$020145939$w04I16$933149
=653  \0$avuurwerk$357, 58, 59, 60$020145938$w04I15$937821
=653  \0$ajoods toneel / opera$3243, 263, 272, 273$020145939$w04I16$933243
=653  \0$ajoodse muziek$382, 106$020145938$w04I15$933246
=653  \0$aJust, J.A.$3101, 102$020145938$w04I15$933271
=653  \0$aJust, J.A.$3246$020145939$w04I16$933271
=653  \0$awonderkind$339, 133, 157, 158, 186$020145938$w04I15$938047
=653  \0$awonderkind$3319, 327, 363, 364, 365, 370$020145939$w04I16$938047
=653  \0$aklarinet$3107, 120, 121$020145938$w04I15$933442
=653  \0$aklarinet$3316$020145939$w04I16$933442
=653  \0$aklavecimbel met registerpedalen$3265$020145939$w04I16$933467
=653  \0$azink$387$020145938$w04I15$938157
=653  \0$azink$3223$020145939$w04I16$938157
=653  \0$aklavecimbel_Nederland 18e eeuw$3ix, 63, 67, 70, 93, 98, 99, 100, 189$020145938$w04I15$933503
=653  \0$aklavecimbel_Nederland 18e eeuw$3232, 264, 265, 277?, 313, 327$020145939$w04I16$933503
=653  \0$aRameau, J.P.$376$020145938$w04I15$938224
=653  \0$aklavecimbelconcerti$393, 110$020145938$w04I15$933531
=653  \0$aklavichord_Nederland 18e eeuw$3265, 266$020145939$w04I16$933585
=653  \0$akoor/orkestbezetting$324, 36-38, 71, 101-107$020145938$w04I15$933678
=653  \0$akoor/orkestbezetting$3198, 200, 204, 205, 213, 232, 270, 273, 306, 313, 315, 316$020145939$w04I16$933678
=653  \0$akoor/orkestopstelling$3104, 110, 190$020145938$w04I15$933679
=653  \0$akoor/orkestopstelling$3197, 198, 199, 229, 232, 304, 308, 313, 315, 360$020145939$w04I16$933679
=653  \0$arol van muziek bij toneelstuk$3207, 217, 219, 220, 221, 222, 226$020145939$w04I16$938511
=653  \0$akwaliteit van uitvoering$331, 168$020145938$w04I15$933816
=653  \0$aRuppe, C.F.$3201$020145939$w04I16$938645
=653  \0$asalaris$371, 72, 74, 104, 165$020145938$w04I15$938697
=653  \0$asalaris$3205, 271, 311, 401, 402$020145939$w04I16$938697
=653  \0$alesgeld$3165$020145938$w04I15$934067
=653  \0$aLocatelli, P.$3221, 300, 301, 302$020145939$w04I16$934169
=653  \0$aluit$31, 87, 90, 103$020145938$w04I15$934262
=653  \0$aluit$3223, 278$020145939$w04I16$934262
=653  \0$aLustig, J.W.$389, 97, 160$020145938$w04I15$934291
=653  \0$aLustig, J.W.$3194, 350$020145939$w04I16$934291
=653  \0$aserpent$337$020145938$w04I15$939067
=653  \0$aslagwerk$3102, 103$020145938$w04I15$939152
=653  \0$aslagwerk$3204, 211, 213, 360$020145939$w04I16$939152
=653  \0$amise-en-scène$332, 33, 34, 47, 81$020145938$w04I15$939272
=653  \0$amise-en-scène$3197, 199, 206, 216, 218, 219, 231-235, 239, 251, 257, 262, 263, 264, 265, 284, 285, 287, 289, 290$020145939$w04I16$939272
=653  \0$aMarpurg$3351$020145939$w04I16$934481
=653  \0$aMartin y Soler$3267 afb., 268$020145939$w04I16$934494
=653  \0$ameer benutten zelfde partituur$390, 110$020145938$w04I15$934589
=653  \0$ameer benutten zelfde partituur$3205, 277, 360$020145939$w04I16$934589
=653  \0$aMerken, van $3217$020145939$w04I16$934688
=653  \0$aMonsigny$3244, 245, 246, 247, 251, 282$020145939$w04I16$934830
=653  \0$aMozart, L.$3349-357$020145939$w04I16$934924
=653  \0$aMozart, Nannerl$3119, 123, 158, 174-178$020145938$w04I15$934926
=653  \0$aMozart, W.A._in Nederland$3268-273, 274, 288, 319-328, 343, 363-404$020145939$w04I16$934932
=653  \\$aAmalia van Pruisen$3121, 122$928638$020145938$w04I15
=653  \\$aAmsterdam_Eruditio musica$3313-316$928670$020145939$w04I16
=653  \\$aBaptiste, Ros.$379-81, 153$929072$020145938$w04I15
=653  \\$aBesozzi$385, 168$929490$020145938$w04I15
=653  \\$aBurney, Charles$379, 85$910020$020145938$w04I15
=653  \\$aChalon, H.$3200, 201, 213, 216$930387$020145939$w04I16
=653  \\$aChinzer$3212$930438$020145939$w04I16
=653  \\$aclaviorganum$399$930538$020145938$w04I15
=653  \\$acol legno$3298$930574$020145939$w04I16
=653  \\$adrinkglazen als muziekinstrument$382, 83$931215$020145938$w04I15
=653  \\$aDuni$346$931300$020145938$w04I15
=653  \\$aDuni$3244 afb., 245, 256$931300$020145939$w04I16
=653  \\$aEnschede, J.$3349-359, 363$931485$020145939$w04I16
=653  \\$aEsser, M. van $3296, 298$931528$020145939$w04I16
=653  \\$aFodor$3316$931790$020145939$w04I16
=653  \\$aFrischmuth$394$931922$020145938$w04I15
=653  \\$aFrischmuth$3264, 300$931922$020145939$w04I16
=653  \\$aGaulthier, N.$3164, 165$932037$020145938$w04I15
=653  \\$aGluck$382$932235$020145938$w04I15
=653  \\$aGraaf, C.E.$379, 94, 101, 105, 146, 160, 161$932310$020145938$w04I15
=653  \\$aGraaf, C.E.$3264, 343, 370$932310$020145939$w04I16
=653  \\$aGroneman, A.$354, 56$932411$020145938$w04I15
=653  \\$aHändel, G.F._na dood$3316$932543$020145939$w04I16
=653  \\$aHaydn, J._Sieben letzte Worte$3321$932643$020145939$w04I16
=653  \\$aHellendaal$355$932690$020145938$w04I15
=653  \\$ahoorn$350, 55, 120, 121, 162$932928$020145938$w04I15
=653  \\$ahoorn$3294$932928$020145939$w04I16
=653  \\$aHubfelt$3211$932969$020145939$w04I16
=653  \\$aHummel$3326, 327, 358, 367-371$922308$020145939$w04I16
=653  \\$aHurlebusch, K.F.$3299, 300$933021$020145939$w04I16
=653  \\$aKoopman, Z.$3213$933675$020145939$w04I16
=653  \\$akopiëren$392$933692$020145938$w04I15
=653  \\$akwakzalver arts$3182, 183$933811$020145938$w04I15
=653  \\$aLange, Aloy.$3271, 282, 311, 314, 316, 399, 400, 401$933892$020145939$w04I16
=653  \\$aLeclair, J.M.$372, 73, 74, 77, 78$933972$020145938$w04I15
=653  \\$aLopez de Liz, F.J.$327, 28, 29, 31, 69-78$934209$020145938$w04I15
=653  \\$aMahaut, A.$389, 91, 95, 96$934365$020145938$w04I15
=653  \\$aMaldere, Fam. van $3128, 129$934397$020145938$w04I15
=653  \\$aMaldere, van $3245$020145939$w04I16$934399
=653  \\$amandoline$3265$934419$020145939$w04I16
=653  \\$aMarais, Marin$376, 78$912780$020145938$w04I15
=653  \\$aMathysz, P.$3359$934528$020145939$w04I16
=653  \\$aMeder, J.G.$3296$934580$020145939$w04I16
=653  \\$aMozart, W.A._Zauberflöte$3269$934936$020145939$w04I16
=653  \\$aNoverre, J.G.$3223, 224$935295$020145939$w04I16
=653  \\$aNozeman, fam. $340$935297$020145938$w04I15
=653  \\$aNozeman, J$3295$935298$020145939$w04I16
=653  \\$aOlofsen, A.$388, 89, 90, 91, 92$935375$020145938$w04I15
=653  \\$aop de wijze van$3221, 222$935397$020145939$w04I16
=653  \\$aparodie$3116$935769$020145938$w04I15
=653  \\$aparodie$3214, 220, 221, 222$935769$020145939$w04I16
=653  \\$aPélissier$374, 75$935839$020145938$w04I15
=653  \\$aPiccini$3246$935958$020145939$w04I16
=653  \\$aprogramma van concert$384, 85, 86$936221$020145938$w04I15
=653  \\$aRadecker, H.$3394$936329$020145939$w04I16
=653  \\$aRicci, P.$3168, 170$938418$020145938$w04I15
=653  \\$aRichter, F.X.$391, 94$938430$020145938$w04I15
=653  \\$aRuloffs, B. + fam$3201, 202, 203, 204, 206, 217, 285, 288, 290, 309, 310, 316$938641$020145939$w04I16
=653  \\$aSarti$3323$938760$020145939$w04I16
=653  \\$aScarlatti, J. [?]$333$938792$020145938$w04I15
=653  \\$aSchenster$378$938837$020145938$w04I15
=653  \\$aSchmidt, J. & C.J.$3306, 307, 308, 309, 313, 314, 315, 316, 323$938898$020145939$w04I16
=653  \\$aschouwburgbrand$3247-254, 258$938955$020145939$w04I16
=653  \\$aSchwindl, F.$3127-128$939026$020145938$w04I15
=653  \\$aSolnitz, A.W.$358, 59, 60, 78$936347$020145938$w04I15
=653  \\$aTemonza, A.$3212$936804$020145939$w04I16
=653  \\$aTessarini, C.$3297$936871$020145939$w04I16
=653  \\$atoonkwaliteit$3168$937028$020145938$w04I15
=653  \\$atrombone$3223$937186$020145939$w04I16
=653  \\$aTubel$393, 155$937209$020145938$w04I15
=653  \\$aUlhoorn, J.$3212$937291$020145939$w04I16
=653  \\$avalutawissel$3177$937333$020145938$w04I15
=653  \\$aviool_muziek voor 1 viool en 3 spelers$3161$937608$020145938$w04I15
=653  \\$awijnglazenspel$3298$937965$020145939$w04I16
=942  \\$cBOO
=952  \\$00$10$2ddc$3vol. 1$40$6KTS_1_000000000000000_C3_34_04I15$70$8RAR$9895$aORPH$bORPH$cKTS1_C3$d2020-07-08$eKoopman$oKTS1 C3.34 04I15$p20145938$r2021-01-12 00:00:00$w2021-01-12$yBOO
=952  \\$00$10$2ddc$3vol. 2$40$6KTS_1_000000000000000_C3_34_04I16$70$8RAR$922741$aORPH$bORPH$cKTS1_C3$d2020-07-08$eKoopman$l0$oKTS1 C3.34 04I16$p20145939$r2023-05-26 00:00:00$w2021-01-12$yBOO
=999  \\$d895

