=LDR  06268aam a2201093   4500
=001  898
=005  20251103145245.0
=008  210419s1722\\\\\\\af|||\||||\00|\0\ita\d
=041  \\$aita
=100  \\$aBonanni, Filippo$d1638-1725$4aut$1http://www.wikidata.org/entity/Q346870$95589
=245  \\$aGabinetto armonico, pieno d'istromenti sonori indicati, e spiegati
=260  \\$aRome$bPlacho$c1722
=300  \\$a[16]-322 pages $b154 illustrations, index
=500  \\$aThe Gabinetto armonico, says the author on p. 1, was "una Camera contigua all'erudito Museo del Collegio Romano", being the museum assembled by Athanasius Kircher. The front façade had a "Grotta" in which Vulcan and three Cyclops played a carillon, as well as an automaton with organ and harpsichord playing compositions by Pasquini and Caffi.
=500  \\$aSingled out by Ton Koopman in the video documentary by Giulio Rasi, January 2020
=500  \\$aContains numerous fictitious instruments
=500  \\$aSee INS 1 b BONA for a modern edition
=561  \\$aEx libris Pr. Robson (ms.)
=610  \0$aJesuits$1http://www.wikidata.org/entity/Q36380$921140
=610  \0$aCollegio Romano (Rome, Italy)$1http://www.wikidata.org/entity/Q2157592$921430
=648  \0$a18th Century (1701-1800)$1http://www.wikidata.org/entity/Q7015$920899
=650  \0$aMusic history$1http://www.wikidata.org/entity/Q846047$921373
=651  \0$aItaly$1http://www.wikidata.org/entity/Q38$922
=653  \0$a??$38afb$020136323$w04I19$928331
=653  \0$ablokfluit$360, 60afb-64$020136323$w04I19$929645
=653  \0$abeiaard$3143, 143afb$020136323$w04I19$929377
=653  \0$acello$38afb$020136323$w04I19$930344
=653  \0$amuziekautomaten?$31-3, 81$020136323$w04I19$935068
=653  \0$acister$393, 93afbv$020136323$w04I19$930490
=653  \0$acolascione$3100, 100afb$020136323$w04I19$930576
=653  \0$aorgel_in eredienst$342, 44, 78$020136323$w04I19$935507
=653  \0$aorgel_Italië$376, 76afb$020136323$w04I19$935510
=653  \0$aorgel_Rome, 17e$32$020136323$w04I19$935522
=653  \0$aDavid, Koning$3opdracht$020136323$w04I19$930963
=653  \0$aOudheid_muziek in$31-35, 45afb$020136323$w04I19$935665
=653  \0$apansfluit$365, 65afb, 67$020136323$w04I19$935742
=653  \0$adoedelzak$33, 4, 8afb, 71-75$020136323$w04I19$931125
=653  \0$aDoni, G.B.$379, 90, 105, 109$020136323$w04I19$931144
=653  \0$adraailier$3107afb, 107$020136323$w04I19$931190
=653  \0$adulciaan$369afb, 69, 70$020136323$w04I19$931287
=653  \0$adwarsfluit$364, 64afb, 85afb$020136323$w04I19$931340
=653  \0$apochette$3102, 102afb$020136323$w04I19$936040
=653  \0$apsalterium$3opdracht, iii, 3, 10, 11, 15, 104afb-106afb, 111afb$020136323$w04I19$936252
=653  \0$aspinet_Italië, 18e$391$020136323$w04I19$936429
=653  \0$astrijkstok$38afb, 101afb, 103afb, 176afb$020136323$w04I19$936635
=653  \0$agamba$38afb$020136323$w04I19$931995
=653  \0$agitaar$397, 98, 98afb, 100, 100afb$020136323$w04I19$932207
=653  \0$aTodino, M.$380, 80afb$020136323$w04I19$936969
=653  \0$atromba marina$382, 82afb (sic), 103, 103afb, 104$020136323$w04I19$937183
=653  \0$atrompet$32-4, 22, 23, 33, 35, 45-55, 57afb, 83, 87$020136323$w04I19$937194
=653  \0$aharp$3fs, 3, 10, 107-109$020136323$w04I19$932582
=653  \0$aVicentino, N.$390$020136323$w04I19$937535
=653  \0$ahobo$367, 67afb, 68$020136323$w04I19$932805
=653  \0$aviola d'amore$3110, 110afb$020136323$w04I19$937580
=653  \0$aviolone$3101, 101afb, 109$020136323$w04I19$937600
=653  \0$aviool$3fs$020136323$w04I19$937605
=653  \0$aviool$3105, 105afb$020136323$w04I19$937605
=653  \0$avogels_en muziek$372, 72afb$020136323$w04I19$937698
=653  \0$aJezuïetencollege_in Rome$3i$020136323$w04I19$933215
=653  \0$awaterorgel$379$020136323$w04I19$937876
=653  \0$axylofoon$3133, 133afb$020136323$w04I19$938061
=653  \0$aKircher, A.$39-12, 69, 70, 74, 75, 79, 81, 81afb, 83, 84, 84afb, 91, 92, 97, 101, 145$020136323$w04I19$933414
=653  \0$azink$34$020136323$w04I19$938157
=653  \0$aklavecimbel_Italië, 17e$380, 80afb, 91, 91afb$020136323$w04I19$933498
=653  \0$aklavecimbel_Nederland, 17e$388, 88afb, 90, 91?$020136323$w04I19$933504
=653  \0$aschalmei$368, 85afb$020136323$w04I19$938803
=653  \0$aluit$3fs, 8afb, 91-93$020136323$w04I19$934262
=653  \0$aserpent(one)$370, 70afb, 71$020136323$w04I19$939068
=653  \0$aslagwerk$33, 4, 111-142, 156afb$020136323$w04I19$939152
=653  \0$ameer benutten zelfde partituur$3fs$020136323$w04I19$934589
=653  \0$aMersenne$370, 79, 91, 92, 102, 143$020136323$w04I19$934691
=653  \0$amonochord$3103, 103afb, 105$020136323$w04I19$934823
=653  \\$aaccordo$3102, 102afb$928457$020136323$w04I19
=653  \\$aBlasius, L.$379$929622$020136323$w04I19
=653  \\$aCaffi, Bernardo$32$930116$020136323$w04I19
=653  \\$aclavecytherium$390$930522$020136323$w04I19
=653  \\$aclaviorganum$380, 80afb$930538$020136323$w04I19
=653  \\$ahoboriet$385afb$932814$020136323$w04I19
=653  \\$ahoorn$356-58$932928$020136323$w04I19
=653  \\$alira moderna$3102, 102afb$934145$020136323$w04I19
=653  \\$alituus$335, 54, 54afb, 55$934159$020136323$w04I19
=653  \\$amandoline$397?, 97afb?, 99, 99afb, 100$934419$020136323$w04I19
=653  \\$amarimba (?)$3154, 154afb, 174, 174afb$934466$020136323$w04I19
=653  \\$amondorgel$386afb$934816$020136323$w04I19
=653  \\$aPasquini, Bernardo$32$921429$020136323$w04I19
=653  \\$aratel (?)$3149, 149afb, 152, 152afb$938250$020136323$w04I19
=653  \\$atibia = blokfluit$360$936923$020136323$w04I19
=653  \\$atromba spezzata$349afb$937184$020136323$w04I19
=700  \\$4ill$aWesterhout, Arnold van$d1651-1725$1http://www.wikidata.org/entity/Q18511480$921427
=856  \\$uhttps://www.loc.gov/resource/muspre1800.100812/?st=gallery$3Library of Congress
=856  \\$uhttps://www.loc.gov/item/07022541/manifest.json$3IIIF manifest
=942  \\$cBOO
=952  \\$00$10$2ddc$40$6KTS_1_000000000000000_C3_34_04I19$70$8RAR$9898$aORPH$bORPH$cKTS1_C3$d2020-07-08$eKoopman$oKTS1 C3.34 04I19$p20136323$r2021-01-12 00:00:00$w2021-01-12$yBOO
=999  \\$d898

