=LDR  03112aam a2200313   4500
=001  899
=005  20250925111745.0
=008  231030s1855\\\\|||g||||\||||\00|\0\eng\d
=041  \\$aeng
=100  \\$aChappell, William$d1715-1886$4aut$95592
=245  \\$aPopular Music of the Olden Time$nvol. 1
=260  \\$aLondon$bCramer, Beale & Chappell$c[1855]
=300  \\$a[i]-384 pages$bmusic examples
=500  \\$aWilliam Chappell (1809-1888) was an English writer on music, a partner in the London musical firms of Chappell & Co. and, later, Cramer & Co. In 1838, he issued his first work, A Collection of National English Airs, consisting of Ancient Song, Ballad, and Dance Tunes, in two volumes, one containing 245 tunes, the second some elucidatory remarks and an essay on English minstrelsy. The airs were harmonised by Macfarren, Dr. Crotch, and Wade. Chappell was the first who seriously studied traditional English tunes. He patiently continued his investigations into antiquarian music, and waited till 1855 before issuing an improved edition of his collection. It was renamed Popular Music of the Olden Time, and arranged in two octavo volumes, letterpress and music interspersed. The tunes were harmonised by Macfarren. Immense learning and research are displayed throughout the work, which at once became the recognised authority upon the subject. It suffers from Chappell's prejudices against Scotland and everything Scottish; and Dr. Burney, who did not appreciate Elizabethan madrigals, is repeatedly attacked with unjustifiable exaggeration, notably in the preface. A new posthumous edition, edited by Harry Ellis Wooldridge, appeared in 1893, with the title Old English Popular Music, and the tunes re-harmonised on the basis of the mediæval modes; this edition is practically a new work (see records 04I21-22)
=500  \\$aDifferent edition but identical contents to 08H22a-b. This record holds only the first volume
=534  \\$aOriginally published in 1838-40
=590  \\$aA Collection of Ancient Songs, Ballads, and Dance Tunes illustrative of the National Music of England. With Short Introductions to the Different Periods, and Notices of the Airs from Writers of the Sixteenth and Seventeenth Centuries. And also a Short Account of the Minstrels
=648  \0$a19th Century (1801-1900)$1http://www.wikidata.org/entity/Q6955$920935
=650  \0$aMusic history$1http://www.wikidata.org/entity/Q846047$921373
=650  \0$aFolk music$1http://www.wikidata.org/entity/Q43343$921594
=650  \0$aSong$1http://www.wikidata.org/entity/Q7366$94164
=650  \0$aBallade$1http://www.wikidata.org/entity/Q805130$924829
=650  \0$aDance$1http://www.wikidata.org/entity/Q11639$1http://www.wikidata.org/entity/Q316930$924845
=651  \0$aUnited Kingdom$1http://www.wikidata.org/entity/Q21$9273
=700  \\$aMacFarren, G. A.$4arr$95591
=942  \\$cBOO
=952  \\$00$10$2ddc$40$6KTS_1_000000000000000_C3_34_04I20$70$8RAR$9899$aORPH$bORPH$cKTS1_C3$d2020-07-08$eKoopman$oKTS1 C3.34 04I20$p20145944$r2021-01-12 00:00:00$w2021-01-12$yBOO
=999  \\$d899
=533  \\$aDigitized by iGuana, Spring 2025.

