=LDR  03316aam a2200349   4500
=001  900
=005  20250925111745.0
=008  231030r18931838|||gf|||\||||\00|\0\eng\d
=041  \\$aeng
=059  \\$akbd
=100  \\$aChappell, William$d1715-1886$4aut$95592
=245  \\$aOld English Popular Music$nvols. 1-2
=260  \\$aLondon$aNew York$bChappell$bMacmillan$bNovello$bEwer$c1893
=300  \\$a2 vols. (xxiii-334+xii-220 pages)$bmusic examples
=500  \\$aWilliam Chappell (1809-1888) was an English writer on music, a partner in the London musical firms of Chappell & Co. and, later, Cramer & Co. In 1838, he issued his first work, A Collection of National English Airs, consisting of Ancient Song, Ballad, and Dance Tunes, in two volumes, one containing 245 tunes, the second some elucidatory remarks and an essay on English minstrelsy. The airs were harmonised by Macfarren, Dr. Crotch, and Wade. Chappell was the first who seriously studied traditional English tunes. He patiently continued his investigations into antiquarian music, and waited till 1855 before issuing an improved edition of his collection. It was renamed Popular Music of the Olden Time, and arranged in two octavo volumes, letterpress and music interspersed. The tunes were harmonised by Macfarren (see record 04I20) Immense learning and research are displayed throughout the work, which at once became the recognised authority upon the subject. It suffers from Chappell's prejudices against Scotland and everything Scottish; and Dr. Burney, who did not appreciate Elizabethan madrigals, is repeatedly attacked with unjustifiable exaggeration, notably in the preface. A new posthumous edition, edited by Harry Ellis Wooldridge, appeared in 1893, with the title Old English Popular Music, and the tunes re-harmonised on the basis of the mediæval modes; this edition is practically a new work.
=500  \\$aHarry Ellis Wooldridge (1845-1917) was an English musical antiquary, artist and Professor of Fine Arts.
=534  \\$aOriginally published in 1838-40
=563  \\$aBlack linen hardcover bindings with embossed golden ornamentations
=590  \\$aA New Edition with a Preface and Notes, and the Earlier Examples entirely revised
=648  \0$a19th Century (1801-1900)$1http://www.wikidata.org/entity/Q6955$920935
=650  \0$aMusic history$1http://www.wikidata.org/entity/Q846047$921373
=650  \0$aFolk music$1http://www.wikidata.org/entity/Q43343$921594
=650  \0$aSong$1http://www.wikidata.org/entity/Q7366$94164
=650  \0$aBallade$1http://www.wikidata.org/entity/Q805130$924829
=650  \0$aDance$1http://www.wikidata.org/entity/Q11639$1http://www.wikidata.org/entity/Q316930$924845
=651  \0$aUnited Kingdom$1http://www.wikidata.org/entity/Q21$9273
=700  \\$aWooldridge, H. E.$4edt$916994
=856  \\$uhttps://archive.org/details/oldenglishpopula02chapuoft/page/n6$3Internet Archive
=942  \\$cBOO
=952  \\$00$10$2ddc$3vol. 1$40$6KTS_1_000000000000000_C3_34_04I21$70$8RAR$9900$aORPH$bORPH$cKTS1_C3$d2020-07-08$eKoopman$oKTS1 C3.34 04I21$p20145942$r2021-01-12 00:00:00$w2021-01-12$yBOO
=952  \\$00$10$2ddc$3vol. 2$40$6KTS_1_000000000000000_C3_34_04I22$70$8RAR$923008$aORPH$bORPH$cKTS1_C3$d2020-07-08$eKoopman$l0$oKTS1 C3.34 04I22$p20145943$r2023-10-30 00:00:00$w2021-01-12$yBOO
=999  \\$d900

