=LDR  01199aam a2200229   4500
=001  901
=008  220710s1754\\\\|||g||||\||||\00|\0\ita\d
=041  \\$aita
=100  \\$aTartini, Giuseppe$d1692-1770$4aut$1http://www.wikidata.org/entity/Q108555$95536
=245  \\$aTrattato di musica$bsecondo la vera scienza dell' armonia.
=250  \\$a1st ed.
=260  \\$aPadua$bManfrè$c1754
=300  \\$a[viii]-175-[2] pages$bbound in marbled cardboard, leather spine and corners, engraved title page, ilustrations, folded page
=648  \0$a18th Century (1701-1800)$1http://www.wikidata.org/entity/Q7015$920899
=650  \0$aMusic theory$1http://www.wikidata.org/entity/Q193544$92662
=650  \0$aMethod$1http://www.wikidata.org/entity/Q2250960$921402
=650  \0$aHarmony$1http://www.wikidata.org/entity/Q184421$92358
=651  \0$aItaly$1http://www.wikidata.org/entity/Q38$922
=856  \\$uhttps://imslp.org/wiki/Trattato_di_musica_(Tartini%2C_Giuseppe)$3International Music Score Library Project
=942  \\$cBOO
=952  \\$00$10$2ddc$40$6KTS_1_000000000000000_C3_34_04I23$70$8RAR$9901$aORPH$bORPH$cKTS1_C3$d2020-07-08$eKoopman$oKTS1 C3.34 04I23$p20145960$r2021-01-12 00:00:00$w2021-01-12$yBOO
=999  \\$d901

