=LDR  07877    a2201429   4500
=001  902
=003  OSt
=005  20250926134853.0
=008  210208s1802\\\\\\\gc|||\||||\00|\0bger\d
=040  \\$cOI
=041  \\$ager
=100  \\$aForkel, Johann Nikolaus$d1749-1818$4aut$1http://www.wikidata.org/entity/Q57922$99221
=245  \\$aUeber Johann Sebastian Bachs Leben, Kunst und Kunstwerke
=250  \\$a1st ed.
=260  \\$aLeipzig$bHoffmeister & Kühnel$c1802
=300  \\$a69-[2] pages$bfrontispiece portrait engraving, bound in modern marbled cardboard cover, deckle edges
=500  \\$aCited in Koopman 2008, 16
=500  \\$aPortrait of Bach engraved by Friedrich Wilhelm Nettling after Elias Gottleib Haussmann (1695-1774)
=561  \\$aEx libris JH Amstelodamensis (plate)
=561  \\$aEx libris David Koning (plate)
=561  \\$aEx libris Jacques Farton (?) (stamp)
=561  \\$aEx libris C.F. Peters Leipzig (stamp)
=590  \\$aFür patriotische Verehrer echter musikalischer Kunst. Mit Bachs Bildniss und Kupfertafeln.
=600  \0$aBach, Johann Sebastian$d1685-1750$1http://www.wikidata.org/entity/Q1339$94766
=648  \0$a18th Century (1701-1800)$1http://www.wikidata.org/entity/Q7015$920899
=650  \0$aComposer$1http://www.wikidata.org/entity/Q36834$93625
=650  \0$aBiography$1http://www.wikidata.org/entity/Q36279$91927
=651  \0$aGermany$1http://www.wikidata.org/entity/Q183$9155
=653  \0$aa prima vista spelen$337, 38$020145959$w04I24$928398
=653  \0$aafwisseling$317, 39$020145959$w04I24$928514
=653  \0$aAgricola$37, 77, 137$020145959$w04I24$928531
=653  \0$aaltviool$381$020145959$w04I24$928631
=653  \0$aBach, C.P.E.$37, 12, 16, 17, 26, 31, 36, 62, 75, 76, 78, 79, 96, 130$020145959$w04I24$928902
=653  \0$aBach, J.C.$379$020145959$w04I24$928916
=653  \0$aBach, J.C.F.$379, 127$020145959$w04I24$928917
=653  \0$aBach, J.S._Franse Suites$398, 99$020145959$w04I24$928959
=653  \0$aBach, J.S._Kunst der Fuge$391, 92$020145959$w04I24$928967
=653  \0$aBach, J.S._Musikalisches Opfer$390, 91$020145959$w04I24$928972
=653  \0$aBach, J.S._Wohltemperirte Clavier$394, 95, 115, 116, 129, 133, 134$020145959$w04I24$928984
=653  \0$aBach, W.F.$340, 41, 75, 76, 77, 78, 79, 83, 84, 95, 110, 113, 130$020145959$w04I24$928997
=653  \0$ablaasbalgen$347$020145959$w04I24$929597
=653  \0$aBöhm$320, 50, 128$020145959$w04I24$929725
=653  \0$aBuxtehude$320, 22, 49, 128$020145959$w04I24$930083
=653  \0$aCaldara$382, 83, 137, 138$020145959$w04I24$930129
=653  \0$acello$3112$020145959$w04I24$930344
=653  \0$amuziek = $350$020145959$w04I24$934994
=653  \0$acompositieles$371, 72, 73, 74, 75, 76$020145959$w04I24$930640
=653  \0$aconcerten$327, 28, 112$020145959$w04I24$930655
=653  \0$acontinuo$381, 136$020145959$w04I24$930685
=653  \0$aopera$384$020145959$w04I24$935411
=653  \0$aCouperin, F. $315, 24, 35, 36, 65 afb.$020145959$w04I24$930794
=653  \0$aorgel$3104$020145959$w04I24$935465
=653  \0$aorgelles$340$020145959$w04I24$935556
=653  \0$aorgelmuziek$341, 88, 105-ill.$020145959$w04I24$935559
=653  \0$aorgelregistratie$320$020145959$w04I24$935575
=653  \0$aorgelregistratie$342, 43, 44, 46, 88$020145959$w04I24$935575
=653  \0$aorgelspel$333, 40, 41, 42, 43, 46, 48$020145959$w04I24$935597
=653  \0$aoude vingerzetting$335, 36$020145959$w04I24$935661
=653  \0$aPachelbel$320, 49, 102, 127, 128$020145959$w04I24$935696
=653  \0$apedaalklavecimbel$338?$020145959$w04I24$935821
=653  \0$apedaalklavecimbel$343, 104$020145959$w04I24$935821
=653  \0$adubbelkorige werken$3112, 113$020145959$w04I24$931246
=653  \0$apianoforte$328, 33, 38, 39$020145959$w04I24$935944
=653  \0$aemoties$339, 40$020145959$w04I24$931445
=653  \0$aQuantz$346$020145959$w04I24$936294
=653  \0$aFischer, J.C.$349, 127$020145959$w04I24$931728
=653  \0$aSorge$348, 132$020145959$w04I24$936375
=653  \0$aFrankrijk - Duitsland$317, 22, 25, 36$020145959$w04I24$931868
=653  \0$afranse muziek$336$020145959$w04I24$931886
=653  \0$aFrescobaldi$349, 64 afb.$020145959$w04I24$931902
=653  \0$aFroberger$320, 49, 127$020145959$w04I24$931931
=653  \0$aFux$382, 83, 136$020145959$w04I24$931954
=653  \0$aTelemann$382, 83, 138, 139$020145959$w04I24$936789
=653  \0$atemperatuur$335, 39, 44, 131$020145959$w04I24$936807
=653  \0$atempo$317, 19, 39$020145959$w04I24$936814
=653  \0$aGraun$382, 138$020145959$w04I24$932339
=653  \0$aHändel, G.F.$361, 82, 83, 126$020145959$w04I24$932536
=653  \0$ahandhouding (klavecimbel)$332, 33, 34$020145959$w04I24$932549
=653  \0$aHasse$382, 83, 84, 120 (b), 138$020145959$w04I24$932603
=653  \0$aHomilius$376$020145959$w04I24$932877
=653  \0$aviool$3112$020145959$w04I24$937605
=653  \0$aVivaldi$349$020145959$w04I24$937654
=653  \0$aHurlebusch$382, 137$020145959$w04I24$933017
=653  \0$ajongenssopraan$321$020145959$w04I24$933241
=653  \0$aKeiser, R.$382, 83, 135$020145959$w04I24$933338
=653  \0$aKirnberger$375, 77, 78, 93, 114, 136$020145959$w04I24$933423
=653  \0$aklavecimbel$338, 39, 48 afb., 81, 101$020145959$w04I24$933450
=653  \0$aZelenka$382, 139$020145959$w04I24$938121
=653  \0$aklavecimbelconcerten$3101, 102, 103$020145959$w04I24$933530
=653  \0$aklavecimbelles$370, 71, 76, 100$020145959$w04I24$933537
=653  \0$aklavichord$333, 35, 38, 39, 40, 48, 131$020145959$w04I24$933553
=653  \0$aklavichord_19e eeuw$313, 14, 17, 18$020145959$w04I24$933564
=653  \0$aReinken, J.A.$321, 25, 46, 50, 128$020145959$w04I24$938356
=653  \0$aKrebs$377, 136, 137$020145959$w04I24$933751
=653  \0$aKuhnau$326, 48 afb., 129$020145959$w04I24$933781
=653  \0$akwint/oktaafparallellen$353, 54$020145959$w04I24$933824
=653  \0$alesgeven aan$376$020145959$w04I24$934069
=653  \0$aScheibe$347, 132$020145959$w04I24$938809
=653  \0$aMarchand, L.$324, 25, 129$020145959$w04I24$934455
=653  \0$aMarpurg$391, 139$020145959$w04I24$934481
=653  \0$aMizler$37, 12, 85, 125$020145959$w04I24$934781
=653  \\$aBach, J.S._Goldbergvariaties$377, 89, 90, 136$928961$020145959$w04I24
=653  \\$aBach, J.S._leerlingen van $376-78$928968$020145959$w04I24
=653  \\$abezetting (voc.)$367$929527$020145959$w04I24
=653  \\$aBordoni, Faustina$383, 84, 120 (g), 139$921646$020145959$w04I24
=653  \\$aBruhns$320, 50, 128$929976$020145959$w04I24
=653  \\$aclavier = ?$321, 30, 32, 34, 76, 77$930530$020145959$w04I24
=653  \\$aclavier = klavecimbel$349?, 65, 77, 83, 87, 88, 89, 100, 101$930531$020145959$w04I24
=653  \\$aclavier = klavecimbel$3101$930531$020145959$w04I24
=653  \\$aclavier = klavichord$335, 40, 41, 43, 110$930532$020145959$w04I24
=653  \\$aclavier = manuaal$338, 39$930533$020145959$w04I24
=653  \\$aclavier = toetsinstrument$320, 36, 38, 48, 49, 71, 73, 79, 82, 93, 94, 99$930535$020145959$w04I24
=653  \\$akeil = $32, 49 afb., 49, 127$933333$020145959$w04I24
=653  \\$aorgeladviseur$347$935536$020145959$w04I24
=653  \\$aouderwets$37, 8, 24, 60, 61$935663$020145959$w04I24
=653  \\$apositief$3104$936109$020145959$w04I24
=653  \\$aSilbermann, H.$328, 130$939118$020145959$w04I24
=653  \\$atoucher$330, 31, 32, 34$937044$020145959$w04I24
=856  \\$uhttps://imslp.org/wiki/%C3%9Cber_Johann_Sebastian_Bachs_Leben%2C_Kunst_und_Kunstwerke_(Forkel%2C_Johann_Nikolaus)$3International Music Score Library Project
=942  \\$cBOO
=952  \\$00$10$2ddc$40$6KTS_1_000000000000000_C3_34_04I24$70$8RAR$9902$aORPH$bORPH$cKTS1_C3$d2020-07-08$eKoopman$oKTS1 C3.34 04I24$p20145959$r2021-01-12 00:00:00$w2021-01-12$yBOO
=999  \\$d902

