=LDR  00976aam a2200205   4500
=001  903
=008  231030s1898\\\\|||a|||j\||||\00|\f\fre\d
=041  \\$afre
=100  \\$aRiboulet, M. L.$4aut$95593
=245  \\$aToutes en vacances
=260  \\$aParis$bCharavay, Mantoux, Martin$cca. 1900
=300  \\$a123-[1] pages$bbound in red leather, embossed, decorated and colored front cover and spine, illustrations Lithographies
=490  \\$aLibrairie d'éducation de la jeunesse
=561  \\$aEx libris Lenfant Thérèse (manuscript)
=648  \0$a19th Century (1801-1900)$1http://www.wikidata.org/entity/Q6955$920935
=650  \0$aNovel$1http://www.wikidata.org/entity/Q8261$921629
=700  \\$aDrogue, Jacques$d1858-1901$1http://www.wikidata.org/entity/Q23005347$4ill$95594
=942  \\$cBOO
=952  \\$00$10$2ddc$40$6KTS_1_000000000000000_C3_34_04I25$70$8RAR$9903$aORPH$bORPH$cKTS1_C3$d2020-07-08$eKoopman$l0$oKTS1 C3.34 04I25$p20145957$r2021-01-12 00:00:00$w2021-01-12$yBOO
=999  \\$d903

