=LDR  12625aam a2202173   4500
=001  904
=003  OSt
=005  20251001162312.0
=008  210208m17881801\\\|||||\||||\00|\0\ger\d
=040  \\$cOI
=041  \\$ager
=100  \\$aForkel, Johann Nikolaus$d1749-1818$4aut$1http://www.wikidata.org/entity/Q57922$99221
=245  \\$aAllgemeine Geschichte der Musik
=250  \\$a1st ed.
=260  \\$aLeipzig$bSchwickert$c1788$c1801
=300  \\$a2 volumes (xviii-504+xviii-776 pages)$bfold-outs
=500  \\$aLeft incomplete by the author: the history only reaches 1550
=500  \\$aThe 'Vorrede' (vol. 1, pp. viii-xviii) is dated October 1787. The 'Einleitung' (vol. 1, pp. 1-68) was considered by its author as a “Versuch einer Metaphysik der Tonkunst" (see Vorrede, p. xv).
=561  \\$aL. Bösendorfer k. u. k. Hof- & Kammer-Klaviermacher Wien (stamp), being Ludwig Bösendorfer (1835-1919), son of the founder of the piano company established in 1828. Ludwig obtained the title of purveyor to the court in 1866, providing a terminus post quem for the stamp.
=648  \0$aClassical Antiquity (8th Century BC-6th Century AD)$1http://www.wikidata.org/entity/Q486761$921435
=648  \0$aMiddle Ages (500-1400)$1http://www.wikidata.org/entity/Q12554$920964
=648  \0$aRenaissance (1400-1600)$1http://www.wikidata.org/entity/Q4692$920965
=650  \0$aMusic history$1http://www.wikidata.org/entity/Q846047$921373
=650  \0$aMusic philosophy and aesthetics$1http://www.wikidata.org/entity/Q2092865$921165
=651  \0$aGöttingen (Germany)$1http://www.wikidata.org/entity/Q3033$922569
=653  \0$aa =$344$020137397$w04J01_02$928388
=653  \0$aad lib bezetting$3731$020137397$w04J01_02$928466
=653  \0$aafwisseling$319$020137397$w04J01_02$928514
=653  \0$aAgricola$359$020137396$w04J01_01$928531
=653  \0$aakoestiek$3353, 354, 357$020137396$w04J01_01$928552
=653  \0$aAmbrosiaans gezang$3154, 156, 157, 158, 163, 164, 168, 182-186$020137397$w04J01_02$928650
=653  \0$aambrosiaanse gezangen$3476$020137396$w04J01_01$928651
=653  \0$aartikulatie$340, 42, 52$020137396$w04J01_01$928817
=653  \0$aAugustinus$3497, 498$020137396$w04J01_01$928871
=653  \0$aaulos$3414, 415, Taf.I$020137396$w04J01_01$928873
=653  \0$aBach, C.P.E.$358, 59$020137396$w04J01_01$928902
=653  \0$aBach, C.P.E.$349, 56$020137397$w04J01_02$928902
=653  \0$aBach, J.S._na dood$346, 404$020137396$w04J01_01$928973
=653  \0$aBach, J.S._na dood$356, 64, 533$020137397$w04J01_02$928973
=653  \0$abibliotheek$373$020137397$w04J01_02$929548
=653  \0$aBan, A.$3458$020137396$w04J01_01$929060
=653  \0$aBartholinus, C.$3473$020137396$w04J01_01$929113
=653  \0$aBontempi, G.A.$3459$020137396$w04J01_01$929766
=653  \0$aBorde, B. de la $3471, 475, 492$020137396$w04J01_01$929779
=653  \0$aBrossard, S. de$3477$020137396$w04J01_01$929962
=653  \0$aBrumel, A.$3629-647$020137397$w04J01_02$929982
=653  \0$aBurney, C.$3268, 276, 461$020137397$w04J01_02$930058
=653  \0$aCalvisius, S.$356, 65$020137397$w04J01_02$930145
=653  \0$acantor$338-41, 47, 48, 55-74, 75$020137397$w04J01_02$930207
=653  \0$acantor en schoolmeester$356$020137397$w04J01_02$930208
=653  \0$acastraten$327, 710, 711$020137397$w04J01_02$930282
=653  \0$aCerone, P.$3460$020137396$w04J01_01$930372
=653  \0$amuziek in oudheid$369-504$020137396$w04J01_01$935017
=653  \0$amuziek_en de Romeinen$3480-504$020137396$w04J01_01$935040
=653  \0$amuziek_in Middeleeuwen$380-end$020137397$w04J01_02$935054
=653  \0$amuziekautomaten$3ix$020137396$w04J01_01$935067
=653  \0$amuziekkritiek$360, 61, 62, 63$020137396$w04J01_01$935083
=653  \0$aNichelmann$343$020137396$w04J01_01$935221
=653  \0$anotatieproblemen$357$020137396$w04J01_01$935285
=653  \0$aObrecht, J.$3520-527$020137397$w04J01_02$935319
=653  \0$aOckeghem$3479, 527-537$020137397$w04J01_02$935321
=653  \0$aorganist$342-46, 48, 49, 73, 74$020137397$w04J01_02$935454
=653  \0$aorganum$3305-312, 338, 394, 450, 451, 453, 459$020137397$w04J01_02$935464
=653  \0$aorgel_in eredienst$323, 24, 25, 27, 42-45, 373$020137397$w04J01_02$935507
=653  \0$aorgel_in middeleeuwen$3tp, 321, 352-373, 724-729$020137397$w04J01_02$935509
=653  \0$adansen$347, 8, 51, 193, 194$020137397$w04J01_02$930928
=653  \0$aorgeltabulatuur$3729-732$020137397$w04J01_02$935604
=653  \0$aoud-nieuw$3475$020137396$w04J01_01$935651
=653  \0$aoud-nieuw$348-71$020137397$w04J01_02$935651
=653  \0$aoude muziek vroeger$330, 70, 71$020137397$w04J01_02$935658
=653  \0$aDoles$371$020137397$w04J01_02$931134
=653  \0$adrukfouten$3xviii$020137397$w04J01_02$931221
=653  \0$aemoties$35, 8, 9, 10, 11, 14, 49$020137397$w04J01_02$931445
=653  \0$aenharmoniek$3xiii, 333, 334-337, 362, 468$020137396$w04J01_01$931476
=653  \0$aPraetorius, M.$3464$020137396$w04J01_01$936131
=653  \0$aEximeno$32, 61, 461$020137396$w04J01_01$931564
=653  \0$apsalterium$3taf.iii$020137396$w04J01_01$936252
=653  \0$apubliek$3iv$020137397$w04J01_02$936257
=653  \0$afermate$3411$020137397$w04J01_02$931664
=653  \0$afermate en joodse en griekse muziek$3158-160, 164, 166-169, 450, 451$020137396$w04J01_01$931667
=653  \0$asolmisatie$3264, 265, 280-284, Taf.i$020137397$w04J01_02$936344
=653  \0$aForkel, J.N.$3wb$020137396$w04J01_01$931822
=653  \0$aForkel, J.N.$3wb; iii-v$020137397$w04J01_02$931822
=653  \0$astadsmuzikanten$347, 48, 74$020137397$w04J01_02$936488
=653  \0$aSulzer$317, 59, 479$020137396$w04J01_01$936672
=653  \0$aGafurius$3461$020137396$w04J01_01$931969
=653  \0$aTartini, G.$3465$020137396$w04J01_01$936753
=653  \0$aTelemann, G.P.$356$020137397$w04J01_02$936796
=653  \0$atemperatuur$336, 258, 360-362, 398$020137396$w04J01_01$936807
=653  \0$atemperatuur$3289$020137397$w04J01_02$936807
=653  \0$atempo$3382, 383$020137396$w04J01_01$936814
=653  \0$atempo van koraal$343$020137397$w04J01_02$936825
=653  \0$atoonaardkarakteristieken$3341-344$020137396$w04J01_01$937026
=653  \0$agoût$365$020137396$w04J01_01$932303
=653  \0$agoût$3iv, 38, 55$020137397$w04J01_02$932303
=653  \0$aGrassineau, J.$3477$020137396$w04J01_01$932336
=653  \0$atransponeren$344, 45$020137397$w04J01_02$937072
=653  \0$agregoriaans$3164-234, 253-354, 379-385$020137397$w04J01_02$932368
=653  \0$aGriekse muziek in oudheid$3184-479, 490$020137396$w04J01_01$932398
=653  \0$aGuido van Arezzo$3239-287, 376, 379-381$020137397$w04J01_02$932474
=653  \0$aHändel, G.F._en Pope$3151$020137396$w04J01_01$932539
=653  \0$aharmonie der sferen$3315$020137396$w04J01_01$932575
=653  \0$aharp$3115, 123, 124, Taf ii, v$020137396$w04J01_01$932582
=653  \0$aharp$3117, 118, 378, 743, 747$020137397$w04J01_02$932582
=653  \0$aVaucanson$3ix$020137396$w04J01_01$937359
=653  \0$aHawkins, J.$3462$020137396$w04J01_01$932636
=653  \0$aHomerus$3254, 255-258, 267, 272$020137396$w04J01_01$932876
=653  \0$aimprovisatie$3110$020137396$w04J01_01$933059
=653  \0$aimprovisatie$324, 43, 45, 48$020137397$w04J01_02$933059
=653  \0$ainterpretatie vroeger$3ix, x, 59$020137396$w04J01_01$933102
=653  \0$ainventaris$347$020137397$w04J01_02$933115
=653  \0$aIsaac, H.$3vi, 671-685$020137397$w04J01_02$933128
=653  \0$aVossius, G.J.$3466$020137396$w04J01_01$937784
=653  \0$aItaliaanse invloed in Duitsland$360$020137397$w04J01_02$933141
=653  \0$aitaliaanse invloed in Europa$351, 52$020137397$w04J01_02$933144
=653  \0$aWalther, J.G.$3477, 478$020137396$w04J01_01$937860
=653  \0$awaterorgel$3416-418, 471, 475, taf.v$020137396$w04J01_01$937876
=653  \0$ajongenssopraan$327, 29, 31, 33-41, 49, 58, 59, 65$020137397$w04J01_02$933241
=653  \0$ajoodse muziek$399-184$020137396$w04J01_01$933246
=653  \0$aJosquin$3v, vi, 516, 518, 541-615, 731$020137397$w04J01_02$933255
=653  \0$akerkmuziek / muziek in eredienst$3iv, 13-48$020137397$w04J01_02$933371
=653  \0$akerktoonsoorten$3339-351, 397, 461$020137396$w04J01_01$933376
=653  \0$akerktoonsoorten$343$020137397$w04J01_02$933376
=653  \0$azang als voorbeeld$359$020137397$w04J01_02$938078
=653  \0$aKircher, A.$3462$020137396$w04J01_01$933414
=653  \0$aKircher, A.$3276, 287$020137397$w04J01_02$933414
=653  \0$aZarlino$3466$020137396$w04J01_01$938113
=653  \0$azink$347$020137397$w04J01_02$938157
=653  \0$azuiverheid$337$020137397$w04J01_02$938176
=653  \0$aRameau, J.P.$325$020137396$w04J01_01$938224
=653  \0$aRamler$372$020137397$w04J01_02$938232
=653  \0$aklavichord_in Middeleeuwen$3375, 379$020137397$w04J01_02$933577
=653  \0$aregaal$3tp$020137397$w04J01_02$938302
=653  \0$arepeteren$353, 56, 57, 58$020137397$w04J01_02$938377
=653  \0$aretorica$321, 37, 38, 54-59, 66, 372-377$020137396$w04J01_01$938388
=653  \0$akoor/orkestbezetting$346$020137396$w04J01_01$933678
=653  \0$akoor/orkestbezetting$327, 31, 67$020137397$w04J01_02$933678
=653  \0$aKuhnau, J.$356$020137397$w04J01_02$933783
=653  \0$akwaliteit van uitvoering$327, 30, 48, 49-51, 61$020137397$w04J01_02$933816
=653  \0$aRousseau, J.J.$347, 94, 467, 477$020137396$w04J01_01$938595
=653  \0$aRoussier, Abbé$325, 404, 464$020137396$w04J01_01$938599
=653  \0$aLasso, O. di $3398$020137396$w04J01_01$933916
=653  \0$aRue, P. de la$3vi, 671-685, 616-628$020137397$w04J01_02$938626
=653  \0$asalaris$3477$020137396$w04J01_01$938697
=653  \0$asalaris$326, 27, 29, 30, 31, 46-48, 56, 73, 74$020137397$w04J01_02$938697
=653  \0$alituus$3415$020137396$w04J01_01$934159
=653  \0$aLoyset$3648-656$020137397$w04J01_02$934242
=653  \0$aLübeck$358$020137397$w04J01_02$934243
=653  \0$aLuther, M.$376-79$020137397$w04J01_02$934295
=653  \0$aMarpurg, F.W.$3463, 469, 470, 473$020137396$w04J01_01$934483
=653  \0$aMartini, Padre$3166, 172, 463, 477$020137396$w04J01_01$934501
=653  \0$aMartini, Padre$3iii, 268$020137397$w04J01_02$934501
=653  \0$aMattei, S.$3463$020137396$w04J01_01$934532
=653  \0$aMattheson$337$020137396$w04J01_01$934534
=653  \0$aMersenne$3389, 390, 463, 464$020137396$w04J01_01$934691
=653  \\$aBoethius$3499-501$95706$020137396$w04J01_01
=653  \\$aBuretti, P.J.$3459, 460$930034$020137396$w04J01_01
=653  \\$acurrende$331, 34, 36, 37, 38, 58, 63, 64, 74$930874$020137397$w04J01_02
=653  \\$aGerber$375$932126$020137397$w04J01_02
=653  \\$aGerbert, M.$3462$932132$020137396$w04J01_01
=653  \\$ainterpretatiedwang van componist$359$933107$020137396$w04J01_01
=653  \\$aJomelli$3229$933231$020137396$w04J01_01
=653  \\$alamento$3542, 601$933868$020137397$w04J01_02
=653  \\$aLandestrauer$324$933880$020137397$w04J01_02
=653  \\$aMalcolm, A.$3462, 463$934395$020137396$w04J01_01
=653  \\$amonochordmeting$3375$934826$020137397$w04J01_02
=653  \\$aMouton, J.$3657-667$934919$020137397$w04J01_02
=653  \\$amuziekgildes$3749-755$935076$020137397$w04J01_02
=653  \\$aorgelpijpmateriaal$3372$935568$020137397$w04J01_02
=653  \\$aorgelproefspel$345, 46$935571$020137397$w04J01_02
=653  \\$apunctum divisionis$3447$936264$020137397$w04J01_02
=653  \\$aPythagoras$33, 6$921682$020137397$w04J01_02
=653  \\$aQuantz, J.J.$359$936296$020137396$w04J01_01
=653  \\$aSacchi, G.$3464, 465$938664$020137396$w04J01_01
=653  \\$aSalinas, F.$32, 465$938709$020137396$w04J01_01
=653  \\$aSweelinck, J.P.$3703$936692$020137397$w04J01_02
=653  \\$atrompet$3121$937194$020137397$w04J01_02
=653  \\$averbeteren kerkmuziek$352-75$937393$020137397$w04J01_02
=653  \\$aVossius, I.$3379, 400, 401, 471$937785$020137396$w04J01_01
=856  \\$uhttps://imslp.org/wiki/Allgemeine_Geschichte_der_Musik_(Forkel%2C_Johann_Nikolaus)$3International Music Score Library Project
=942  \\$cBOO
=952  \\$00$10$2ddc$3Erster Band$40$6KTS_1_000000000000000_C3_34_04J01_01$70$8RAR$9904$aORPH$bORPH$cKTS1_C3$d2020-07-08$eKoopman$oKTS1 C3.34 04J01_01$p20137396$r2021-01-12 00:00:00$w2021-01-12$yBOO
=952  \\$00$10$2ddc$3Zweiter Band$40$6KTS_1_000000000000000_C3_34_04J01_02$70$8RAR$920780$aORPH$bORPH$cKTS1_C3$d2020-07-08$eKoopman$l0$oKTS1 C3.34 04J01_02$p20137397$r2021-10-20 00:00:00$w2021-01-12$yBOO
=999  \\$d904

