=LDR  57320aas a2209157   4500
=001  905
=008  220610m17981845|||w||||\||||\00|\0\ger\d
=041  \\$ager
=100  \\$aRochlitz, Friedrich$d1769-1842$4edt$1http://www.wikidata.org/entity/Q71502$95595
=245  \\$aAllgemeine Musikalische Zeitung$nvols. 1, 3, 5, 11-15, 19-21, 36 and 45
=260  \\$aLeipzig$bBreitkopf & Härtel$c1798-1843
=300  \\$a13 vols. ([444-53-[6]+434-28-[4]+434-66+416-24+530-28+443-43-[4]+435-40+428+446+454+448+[12]-444+[8]-480] pages)$bfolded pages, plates, musical examples, illustrations, portraits
=500  \\$aThe AmZ ran from 1798 until 1848, and from 1866 to 1882
=561  \\$aVol.5 Ex libris Max Seiffert (plate)
=561  \\$aVol.15 Ex libris Bücherei des fürstlichen Institutes für Musikwissenschaftliche Forschung zu Bückeburg (plate)
=648  \0$a18th Century (1701-1800)$1http://www.wikidata.org/entity/Q7015$920899
=648  \0$a19th Century (1801-1900)$1http://www.wikidata.org/entity/Q6955$920935
=650  \0$aMusic criticism$1http://www.wikidata.org/entity/Q11748889$921598
=650  \0$aMusic history$1http://www.wikidata.org/entity/Q846047$921373
=650  \0$aa =$3524, 530$020145970$928388
=650  \0$aa =$3529, 530-532, 533$020145971$928388
=650  \0$aa =$31060 (anh. 41)$020145969$928388
=650  \0$aa =$3318$020145990$928388
=650  \0$aaccentuatie in maat$3119$020145969$928445
=650  \0$aaccentuatie in maat$3517-524, 533-547, 569-577, 589-599, 605-609, 621-627$020145990$928445
=650  \0$aaccentueren in maat$38, 9$020145970$928446
=650  \0$aad lib bezetting$359a, 60a, 127, 129, 179, 241, 242, 243, 338a, 448, 490$020145970$928466
=650  \0$aad lib bezetting$3563, 598, 614, 615, 620, 736, 885, 996, 1060 anh.$020145969$928466
=650  \0$aad lib. bezetting$310, 176 (13, 14, 15, 496, 664), 566, 568, 735, 837$020145969$928471
=650  \0$aad lib. bezetting$3105, 07a, 199, 379, 380, 560, 867$020145971$928471
=650  \0$aad lib. bezetting$330, 107, 481, 521, 560, Anhang$020145969$928471
=650  \0$aad lib. bezetting$3215, 252, naast 605, 759, 770, 793$020145990$928471
=650  \0$aadagio$3132$020145969$928477
=650  \0$aAdami, A.$3416a$020145971$928482
=650  \0$aademhalen$3679, 824$020145969$928491
=650  \0$aAgricola$3593$020145969$928531
=650  \0$aAgricola$3838$020145971$928531
=650  \0$aAgricola$3333, 334, 337$020145990$928531
=650  \0$aakoestiek$3415, 517-525, 533-540, 549-552-554, 565-571, 790, 869a, 870a$020145970$928552
=650  \0$aakoestiek$3801b-803, 824-826$020145971$928552
=650  \0$aAlbrechtsberger$363, 514-519$020145969$928569
=650  \0$aAlbrechtsberger$346, 51, 273$020145970$928569
=650  \0$aAlbrechtsberger$3740$020145969$928569
=650  \0$aAlbrechtsberger$340, 550, 623$020145969$928569
=650  \0$aalcohol$3224$020145971$928577
=650  \0$aAlembert, d'$3597, 598$020145970$928584
=650  \0$aalgemene muziekleer_akoestiek$337-43, 53-60, 758, 809$020145990$928596
=650  \0$aAllegri$352$020145969$928603
=650  \0$aAllegri_Miserere$3674-678$020145990$928604
=650  \0$aalternatimpraxis$3539$020145969$928628
=650  \0$aaltviool$3133$020145969$928631
=650  \0$aamateur/dilettant$3209-214$020145971$928642
=650  \0$aAmsterdam$3817-821, 873-876$020145969$928668
=650  \0$aAmsterdam$331, 32, 509-514, 524-529$020145990$928668
=650  \0$aAndré, A.$3416 (45-56), 688 (77, 78-83)$020145969$928688
=650  \0$aArtaria$3502$020145969$928808
=650  \0$aarticulatie$312$020145970$928812
=650  \0$aartikulatie$3403$020145969$928817
=650  \0$aartikulatie$3muziekbijlage Ia, 56, 57$020145971$928817
=650  \0$aartikulatie$3315, 328, 546a, 768 (muz bijlage vii), 850, bijlage ix$020145971$928817
=650  \0$aartikulatie$3667, 718, 916$020145969$928817
=650  \0$aBach = ? $3116, 822a$020145970$928897
=650  \0$aBach, A.W.$3655$020145990$928900
=650  \0$aBach, C.P.E.$3121, 135, 137, 156, 157, 160, 193, 243, 305, 510$020145969$928902
=650  \0$aBach, C.P.E.$3tp (portret), 71, 72, 208, 228, 235, 248, 260, 261, 264, 280, 299-304, 306, 307, 392, 399, 425, 441, 490, 575, 582, 695, 754, 822a$020145970$928902
=650  \0$aBach, C.P.E.$3242b, 437, 805, 855a$020145971$928902
=650  \0$aBach, C.P.E.$3731$020145969$928902
=650  \0$aBach, C.P.E.$3193-196$020145969$928902
=650  \0$aBach, C.P.E. $3972$020145969$928903
=650  \0$aBach, J.Chr.$3865, 873, 874$020145969$928919
=650  \0$aBach, J.Chr. $3306$020145969$928920
=650  \0$aBach, J.S.$3118, 220$020145969$928929
=650  \0$aBach, J.S._alg.$318, 19, 35, 132, 235, 259-262, 263, 273, 287, 303, 306, 428$020145970$928932
=650  \0$aBach, J.S._als kerkorganist$3434$020145969$928933
=650  \0$abezetting (voc.)$341, 43, 44, 68, 182, 189, 200, 240, 270, 290, 368, 465, 468, 481, 484, 497, 513, 532, 541, 556, 557, 561, 562, 578, 579, 616, 639, 690, 707, 835$020145970$929527
=650  \0$abezetting (voc.)$327b, 28b, 36, 250, 277, 374, 410, 411, 476, 508, 639, 640$020145971$929527
=650  \0$abezetting (voc.)$330, 31, 38, 39, 40, 41, 54, 56, 106, 110, 199, 214, 218, 219, 220, 254, 266, 272, 297, 298, 344, 423, 447, 493, 494, 525, 526, 527, 537, 547, 555$020145969$929527
=650  \0$abezetting (voc.)$3570, 574, 575, 605, 674, 865, 866$020145969$929527
=650  \0$aBach, J.S._na dood$324, 118, 220, 253, 547, 832 (94, 95)$020145969$928973
=650  \0$aBach, J.S._na dood$3132, 176, 201a, 202a, 259, 260, 261, 262, 263, 287, 303, 304, 337a, 338a, 369a-371a, 549a, 573, 649, 822a$020145970$928973
=650  \0$aBach, J.S._na dood$342a, 181, 241b, 247, 333-335, 361-369, 395, 399, 413a, 476, 509-519-522, 578, 705a, 804, 805, 806$020145971$928973
=650  \0$aBach, J.S._na dood$3750, 766, 842$020145969$928973
=650  \0$aBach, J.S._na dood$3166, 193, 239, 292, 434, 486, 539$020145969$928973
=650  \0$aBach, J.S._na dood$3575, 669, 684, 705, 735, 986, 1027$020145969$928973
=650  \0$aBach, J.S._na dood$3naast 548, 655$020145990$928973
=650  \0$aBach, J.S._portret$3tp$020145969$928975
=650  \0$aBach, W.F.$3673a$020145971$928997
=650  \0$abibliotheek$348 (8)$020145969$929548
=650  \0$abibliotheek$3485-487$020145969$929548
=650  \0$aBinder$3236, 237$020145969$929580
=650  \0$ablinde muzikant$3475, 508$020145969$929636
=650  \0$ablindenmuziekschrift$3904 (taf i), 904-910$020145969$929639
=650  \0$abassethoorn$3888$020145969$929159
=650  \0$abassethoorn$3255, 310$020145970$929159
=650  \0$abassethoorn$323, 241a, 245, 585$020145971$929159
=650  \0$abassethoorn$3798-799$020145969$929159
=650  \0$abassethoorn$3299$020145969$929159
=650  \0$abasso continuo$3831$020145969$929163
=650  \0$abasso continuo$3745, 746$020145970$929163
=650  \0$abasso continuo$3106, 342, 473, 474$020145969$929163
=650  \0$abasso continuo$3808$020145969$929163
=650  \0$aboekoplage$3632$020145970$929699
=650  \0$aboekoplage$3255$020145990$929699
=650  \0$aboekprijs$313-15, 2, 32, 44, 48 (6, 7, 8), 58-59, 73, 74, 86, 103, 106-109, 112 (9-12), 117, 155-158, 174, 176 (13-16), 192 (17-20), 207, 208 (21-24), 220, 224, 236, 240, 251, 255, 256 (25), 270, 272, 278, 282, 283, 288, 304 (29, 90, 33, 34, 35, 36), 320 (37-40_, 328, 342-344, 351, 352, 364, 368, 376, 382-384, 397-399, 415, 416 (41, 56), 422, 430, 431, 441, 448 (60), 454, 464, 494, 496, 496 (61-64), 511, 512, 514, 519-521, 536, 541, 542, 553, 555, 557, 558, 560 (65-68_, 569-574, 576 (69, 70, 72), 584-588, 599, 607, 608, 614, 625 (73-76), 629, 631, 648-655, 679-684, 687, 688, 688 (84), 715, 718, 719, 720, 732-736, 744, 752, 766, 767, 778, 784 (85-88), 816, 862, 869, 872 (99, 104-106), 876, 888 $020145969$929701
=650  \0$aboekprijs$310, 51, 57a, 58a, 59a, 60a, 64, 72, 81, 89a, 103, 105a, 107a, 111, 120, 127, 129, 136, 144, 152, 163, 165, 168, 177-180, 196, 201a, 203a, 204a, 249, 250, 256, 296, 337a, 338a, 340a, 346, 352, 371a, 372a, 401-403, 410, 419, 446, 448, 450, 453, 469a, 470a, 471a, 472a, 472b, 490, 492, 506, 508, 525, 526, 548, 549a, 554, 576, 606, 616a, 620, 621, 628, 644, 649, 671, 677a, 678a, 679a, 680a, 692, 701, 703, 704, 708, 710a-712a, 717, 718, 724, 732, 735, 742a-744a, 750, 751, 756, 768, 769, 778, 788, 794, 796, 797, 804, 823a, 824a, 831, 845, 848, 849, 851, 863, 865, 868, 871a, 872a$020145970$929701
=650  \0$aboekprijs$324, 26a, 27a, 28a, 39, 41a, 44a, 52, 61a, 62a, 100, 107a, 108a, 109a-112a, 116, 128, 131a, 132a, 136, 146a-148a, 169, 171, 176, 177a, 179a, 187-189, 193a-196a, 208, 214, 221, 224, 225a, 226a-228a, 237, 239, 342a-244a, 280, 281a-284a, 281b, 297a-300a, 311, 317, 327, 329a-332a, 333, 359, 376, 401, 411, 412-416a, 421, 423, 443-444, 459, 461a-464a, 490, 492, 526, 528, 536, 538, 553a, 554a, 556-558, 559, 563a-564a, 578-579, 562, 604-605, 608, 623, 64, 641a-644a, 663, 673a, 675a, 676a, 688-689, 698, 705a-708a, 716, 719, 721a-724a, 735-736, 746, 751, 752, 762, 763, 766, 767, 780, 781, 788a, 801a-804a, 821a-824a, 827, 830, 832, 833, 836, 837, 849, 753a-856a, 861, 862$020145971$929701
=650  \0$aboekprijs$3713, 718, 719, 752, 766, 846, 847, 858, 859 anh.$020145969$929701
=650  \0$aboekprijs$33, 16, 21, 47, 64, 75, 96, 112, 140, 144, 176, 177, 192, 204, 209, 210, 211, 212, 209, 230, 239, 240, 241, 256, 272, 279, 288, 305, 311, 320, 428, 429, 430, 431, 432, 447, 463, 464, 479, 481, 495, 504a, 504b, 511, 512, 540, 544, 545, 560, Anhang$020145969$929701
=650  \0$aboekprijs$3585, 587, 588, 589, 630, 647, 659, 663, 681, 697, 711, 739, 743, 759, 760, 770, 773, 807, 809, 716 (anh.), 840, 840 anh., 841, 850, 871, 872, 879, 884-887, 902-904, 920, 956, 965, 966, 999, 1006, 1019, 1020, 1052, 1060 (anh.)$020145969$929701
=650  \0$aboekprijs$319, 20, 50, 51, 73, 91, 92, 93, 116, 135, 136, naast 152, naast 153, 156, 168, 169?, 215, 216, 228, 230, 231, 232, naast 232, naast 233, 244, 247, 248, 249, 253, 255, 264, 280, 313, 332, 352, naast 352, naast 353, 412, 435, 436, 437, 452, 483, 499, 500, 468, 487, 603, naast 603, naast 605, 620, 637, 658, 67-680, 681, 686, 695, 696, 697, 702, 711, naast 712, naast 713, 722, 725, 758, 790-793, 799, 807, 808, naast 808, 816, 821, 823, 824, 843, 844, 845, 849, 851, 859, 860, 870, 875, 876, 877, 884, 890-892$020145990$929701
=650  \0$aBogenklavier$3757-768, 772$020145970$929723
=650  \0$aBedos, Dom$3313, 314, 337, 342$020145990$929343
=650  \0$aBeethoven$3236, 366, 367, 524$020145969$929355
=650  \0$aBeethoven$348, 49, 50, 349, 408, 613a, 800$020145970$929355
=650  \0$aBeethoven$3107a, 117, 188, 189, 190, 260, 437, 489, 590, 734, 785a$020145971$929355
=650  \0$aBeethoven, L. v.$3fs, 355, 356, 361, 465, 511, 873, 874$020145990$929357
=650  \0$aBeethoven, L. v. $3128 (bijlage ii), 202, 233, 241-253, 266, 277, 278, 279, 283, 289, 290, 295, 296, 477, 507$020145969$929358
=650  \0$aBeethoven, L. v. $3566, 630-642, 652-659, 751, 757, 836, 854-856, 987, 1039$020145969$929358
=650  \0$aBononcini$3809$020145970$929756
=650  \0$aBenda$3308$020145971$929408
=650  \0$aBenda, G.$3305, 306, 354-355, 431, 432, 503, 816, 830$020145969$929413
=650  \0$aBenda, G.$3274, 303, 489$020145969$929413
=650  \0$aBenda, G.$3803$020145990$929413
=650  \0$aBenda, G.A.$3170, 209, 243, 280, 299, 325, 329, 330, 416, 529, 574, 775$020145970$929414
=650  \0$aBerton(i)$3604$020145969$929480
=650  \0$aBerwald, J.F.$328-31$020145969$929487
=650  \0$abespeler van meer instrumenten$330$020145969$929498
=650  \0$abespeler van meer instrumenten$349, 155, 694, 719, 754, 792$020145970$929498
=650  \0$abespeler van meer instrumenten$323, 12, 198, 199, 673a$020145971$929498
=650  \0$abespeler van meer instrumenten$3154, 222, 342, 437, 462$020145969$929498
=650  \0$abespeler van meer instrumenten$3610, 611, 612, 718, 721, 748, 1042$020145969$929498
=650  \0$abespeler van meer instrumenten$3375, 557, 657, 769, 887$020145990$929498
=650  \0$aCaccini, G.$354$020145970$930101
=650  \0$acadens$3135, 203, 606$020145969$930106
=650  \0$acadens$3422$020145970$930106
=650  \0$acadens$3323, 830$020145971$930106
=650  \0$aCannabich$3708, 822a, 865$020145970$930181
=650  \0$aCannabich$3276-278, 321, 785, 815$020145971$930181
=650  \0$aCannabich$3614, 615$020145969$930181
=650  \0$aCannabich, C.$3378$020145990$930182
=650  \0$acanon$3451$020145970$930183
=650  \0$acanon$3798, 800, muz.bij. viii$020145971$930183
=650  \0$acastraten$341$020145970$930282
=650  \0$acastraten$3204$020145971$930282
=650  \0$acastraten$353, 218$020145969$930282
=650  \0$acastraten$3605$020145969$930282
=650  \0$acastraten$3678, 758$020145990$930282
=650  \0$aCatel$3852, 1011$020145969$930305
=650  \0$aCatel$3264, 757$020145990$930305
=650  \0$acello$3885$020145969$930344
=650  \0$acello$3366$020145970$930344
=650  \0$acello$3822a$020145970$930344
=650  \0$acello$3866$020145971$930344
=650  \0$acello$3267$020145969$930344
=650  \0$acello$3609-616, 625, 756, 757, 789, 1023$020145969$930344
=650  \0$aCesti, M.A.$334$020145969$930380
=650  \0$amuziek in eredienst$3574, 575, 597, 598$020145969$935012
=650  \0$aCherubini$3677b, 678b, 685, 707 afb, 775, 784, 785, 827$020145970$930430
=650  \0$aCherubini$325b, 27b, 32, 114, 155, 175, 180a, 190, 251, 253, 254, 257, 264, 356, 358, 369, 371, 372, 456, 470b, 818$020145971$930430
=650  \0$aCherubini$3732, 748, 764$020145969$930430
=650  \0$aCherubini$3111, 218, 290$020145969$930430
=650  \0$aCherubini$3554$020145969$930430
=650  \0$aCherubini$3617, 685, 686-688, 728, 739, 967, 1039$020145969$930430
=650  \0$aCimarosa$3208, 334$020145969$930481
=650  \0$aCimarosa$3181, 182, 387, 831, 835$020145970$930481
=650  \0$aCimarosa$3603$020145971$930481
=650  \0$aCimarosa$3214, 215$020145969$930481
=650  \0$aCimarosa$3688, 944, 945$020145969$930481
=650  \0$aCimarosa$330, 31, 502, 549, 610, 653$020145990$930481
=650  \0$amuziekkritiek$3wb, 416 (45-46), 688 (77, 78-83), 856 (98-100), 872 (99-104)$020145969$935083
=650  \0$amuziekkritiek$341-51, 65-69, 202a, 203a, 540-546, 622-627, 638-643$020145970$935083
=650  \0$amuziekkritiek$3225a-237, 265-274, 625a, 626a, 627a, 628a-632a$020145971$935083
=650  \0$amuziekkritiek$3wb$020145969$935083
=650  \0$amuziekkritiek$3wb, 101-104, 289, 296, 297-456, 459, 491, 529, 536, 556$020145969$935083
=650  \0$amuziekkritiek$3wb, 565$020145969$935083
=650  \0$amuziekkritiek$3wb, 12, 152$020145990$935083
=650  \0$amuziekles$3166-174, 183-189, 197-201, 214-220, 449-454, 465-471$020145969$935084
=650  \0$amuziekles$3610, 611$020145969$935084
=650  \0$aNägeli$3134, 137$020145969$935135
=650  \0$aNägeli, H.G.$3769-776, 785-793, 801-810, 816-845$020145969$935136
=650  \0$aNägeli, H.G.$3naast 152, naast 604, 741, 761-767, 777-782, naast 792$020145990$935136
=650  \0$aNägli, H.G.$3225a-237, 265-274, 395, 519, 579, 580, 788a$020145971$935138
=650  \0$aNassarre, P.$3822$020145969$935153
=650  \0$aNaumann$3255, 330, 331, 477, 516, 260, 615a, 643, 716, 791, 792, 793$020145970$935158
=650  \0$aNaumann$3236, 237$020145969$935158
=650  \0$aNaumann, J.G.$3641b-644, 657-663$020145971$935161
=650  \0$aNederlands als muziektaal$3474$020145971$935173
=650  \0$aNeefe, C.F.$3241-245, 251, 257-261, 273-278, 355, 360-364$020145969$935192
=650  \0$aCompenius$3520$020145970$930616
=650  \0$acomponeren$3209-213, 225, 236, 783, 855$020145969$930621
=650  \0$acomponeren$3182$020145971$930621
=650  \0$acomponeren$3726, 740, 741, 742, 743$020145969$930621
=650  \0$acomponeren$3293, 294, 296, 321-331, 475$020145969$930621
=650  \0$acomponeren$3793-799$020145969$930621
=650  \0$acomponist$350, 51, 255, 312$020145990$930630
=650  \0$acomponiste$359, 60, 330$020145969$930632
=650  \0$acomponiste$336$020145970$930632
=650  \0$acomponiste$3473$020145971$930632
=650  \0$acomponiste$3294, 471, 472, 474, 475$020145969$930632
=650  \0$acomponiste$3624 (xix)$020145969$930632
=650  \0$acompositieloon$3269$020145970$930641
=650  \0$acompositieloon$3660$020145971$930641
=650  \0$acompositieloon$3709$020145969$930641
=650  \0$acompositieloon$359, 60, 493$020145969$930641
=650  \0$aconcerten$365, 66, 189, 190$020145970$930655
=650  \0$aconservatorium$3337-343$020145969$930674
=650  \0$aconservatorium_Duitsland$31021-1029$020145969$930675
=650  \0$acontrabas$311, 881$020145969$930692
=650  \0$acontrabas$342, 626, 792$020145970$930692
=650  \0$acontrabas$3199, 562, 811$020145971$930692
=650  \0$acontrabas$3720, 721, 749, 916$020145969$930692
=650  \0$acontrabas$3375, 380$020145990$930692
=650  \0$aCorelli, A.$3334$020145970$930736
=650  \0$aCorelli, A.$3833$020145969$930736
=650  \0$aorchestrion$388-90, 96, 385 taf ii, 445$020145969$935453
=650  \0$aorchestrion$3191, 518, 519, 523, 565$020145970$935453
=650  \0$aorchestrion$3656$020145971$935453
=650  \0$aCouperin, F.$3260$020145970$930793
=650  \0$aCouperin, F.$377$020145969$930793
=650  \0$aorgel$3191, 339a, 343, 371, 518-525, 530, 531, 533-540$020145970$935465
=650  \0$aorgel in eredienst$3433-440$020145969$935479
=650  \0$aorgel in eredienst$3598$020145969$935479
=650  \0$aorgel in eredienst$310, 11, 849, 850$020145990$935479
=650  \0$aCramer$3196, 197, 199, 200, 202, 592$020145971$930830
=650  \0$aCramer$3426, 427, 504a$020145969$930830
=650  \0$aCramer, J.B.$3779-776, 884, 885, 902, 1020$020145969$930833
=650  \0$acrescendo/decrescendo$342$020145969$930846
=650  \0$aorgel_in middeleeuwen$350$020145969$935509
=650  \0$aorgel_in middeleeuwen$3315, 316$020145990$935509
=650  \0$aCuzzoni$3809, 810$020145970$930878
=650  \0$aorgelbouw$3527-532, 658$020145990$935542
=650  \0$aorgelconcert$3510, 538, 539, 540$020145969$935547
=650  \0$aorgelregistratie$3195, 372$020145970$935575
=650  \0$aorgelregistratie$3515, 564$020145971$935575
=650  \0$aorgelregistratie$3342, 530, 850, 871$020145990$935575
=650  \0$aorgelregistratie en bc$3539, 540$020145969$935577
=650  \0$aorgelregistratie en bc$3752$020145969$935577
=650  \0$aorkestmusicus$3715$020145969$935612
=650  \0$aoud-nieuw$335, 42, 43, 45, 822b, 828$020145970$935651
=650  \0$aoud-nieuw$377, 78, 105$020145969$935651
=650  \0$aoud-nieuw$3691, 692$020145969$935651
=650  \0$aoud-nieuw$3naast 712$020145990$935651
=650  \0$aoude muziek vroeger$020145969$935658
=650  \0$aoude muziek vroeger$3413, 478, 573, 584, 585, 776, 857$020145970$935658
=650  \0$aoude muziek vroeger$3202, 241b, 242b, 246, 247, 333-335, 453, 509522, 554, 730$020145971$935658
=650  \0$aoude muziek vroeger$3842$020145969$935658
=650  \0$aoude muziek vroeger$340, 212, 213, 223, 253, 255, 316, 459, 460, 486, 489, 513, 525, 539, 540$020145969$935658
=650  \0$aoude muziek vroeger$3575, 591, 592, 753, 833, 867, 868, 878, 945, 986, 994, 1000 + beilage$020145969$935658
=650  \0$aoude muziek vroeger$39, 77, 212, 361, 363, nast 548, 610, 801, 865$020145990$935658
=650  \0$aoverlegato$3521$020145971$935678
=650  \0$aPaer$342, 70, 200, 254, 335, 563, 690, 708, 798, 866$020145970$935705
=650  \0$aPaer$3219, 222, 329, 330, 346$020145969$935705
=650  \0$aPaer$3708, 728$020145969$935705
=650  \0$aPaer, L.$387, 88, 119, 206, 458, 622, 623, 743, 743, 744, 768, muz. bijl. vii, 791, 836$020145971$935707
=650  \0$aPaganini$3505$020145990$935708
=650  \0$adiminuties$393, 214, 605$020145969$931087
=650  \0$adiminuties$341, 48, 119, 270, 422, 465, 499$020145970$931087
=650  \0$adiminuties$3243, 601$020145971$931087
=650  \0$adiminuties$358, 59, 419, 455, 477, 558$020145969$931087
=650  \0$adiminuties$3691, 692, 820$020145969$931087
=650  \0$adiminuties$314, 45, 365, 370$020145990$931087
=650  \0$aParadies$3471-475$020145969$935756
=650  \0$aParijs_Conservatoire$3411-419$020145970$935762
=650  \0$aParijs_Conservatoire$3175, 191, 191, 263, 264, 345-353$020145971$935762
=650  \0$aParijs_conservatorium$3748-751$020145969$935763
=650  \0$aParijs_conservatorium$3985-992$020145969$935763
=650  \0$aparodie$3493, 494$020145970$935769
=650  \0$aparodie$3481-485$020145969$935769
=650  \0$aparodie$3339$020145990$935769
=650  \0$adoedelzak - orgel$3756$020145971$931126
=650  \0$aDoles, F.$3451, 493, 805$020145970$931135
=650  \0$apedaalklavier bij piano$3863-865, 866$020145990$935824
=650  \0$apedaalspel en piano$3692$020145969$935830
=650  \0$adrukfouten$332, viii, 343, 423, 424, 479, 688 (84), 751, 752, 784 (88), 828, 846-849$020145969$931221
=650  \0$adrukfouten$359a, 680a$020145970$931221
=650  \0$adrukfouten$3281a, 282a, 463a, 735, 736, 764, 765, 799, 804a$020145971$931221
=650  \0$adrukfouten$3naast 808$020145990$931221
=650  \0$aPergolesi$3204, 205, 223$020145969$935854
=650  \0$aPergolesi$3610-612, 822b, 828$020145970$935854
=650  \0$aPergolesi$3582$020145971$935854
=650  \0$aPergolesi$3750$020145969$935854
=650  \0$aPergolesi$334, 35, 40, 459, 460$020145969$935854
=650  \0$aPeri, A.$354$020145970$935859
=650  \0$aDuni$3223$020145969$931300
=650  \0$aDuni$334, 35$020145969$931300
=650  \0$aDunstable$333$020145969$931304
=650  \0$apiano$3207, 687, 688$020145970$935934
=650  \0$apiano$3196, 197, 241a, 551a, 583$020145971$935934
=650  \0$apiano_prijs van$344, 71$020145969$935940
=650  \0$aDussek$3115, 175, 177a, 178a, 196, 197, 198, 200, 205, 244$020145971$931330
=650  \0$aDussek$316, 202, 218, 424$020145969$931330
=650  \0$aDussek$3540-544$020145969$931330
=650  \0$aDussek$3841-849, 932, 960$020145969$931330
=650  \0$adwarsfluit$339, 142, 143, 193-197, 305 (35), 416 (44, 45, 46, 53, 54-56), 829, 831, 882$020145969$931340
=650  \0$adwarsfluit$3691, 768, 769, 797$020145970$931340
=650  \0$adwarsfluit$326a, 27a, 145a, 146a, 241a, 242a, 609-616, 621b-638, 640 afb., 644-654, 673b-683$020145971$931340
=650  \0$adwarsfluit$3105, 106, 347, 422$020145969$931340
=650  \0$adwarsfluit$3naast 232, 557, 613, 708, 809-814, 825-829, 867$020145990$931340
=650  \0$adwarsfluit_prijs van$326a, 27a, 145a, 146a$020145971$931342
=650  \0$adynamiek$3135, 204, 416 (46), 882, $020145969$931346
=650  \0$adynamiek$312, 738, 772$020145970$931346
=650  \0$adynamiek$3245, 315, 321, muz bijlage iv (329-), 475, 527, 768 (muz bijlage iii)$020145971$931346
=650  \0$adynamiek$342, 43, 214$020145969$931346
=650  \0$adynamiek$3182, 509, 738$020145990$931346
=650  \0$aPleyel$3177a, 178a, 201$020145971$936028
=650  \0$aPleyel$3744, 974$020145969$936028
=650  \0$aPleyel$3554$020145969$936028
=650  \0$aPleyel, I.$3328, 329, 342$020145969$936029
=650  \0$aPleyel, J.$339, 40, 216, 414, 500, 822a$020145970$936031
=650  \0$aechoeffect$3262$020145971$931376
=650  \0$aechoeffect$3617$020145969$931376
=650  \0$aechoeffekt$3613$020145990$931377
=650  \0$aemoties$337, 305, 622, 815$020145969$931445
=650  \0$aemoties$3283, 284$020145970$931445
=650  \0$aemoties$3234, 308, 309, 504, 540, 541$020145971$931445
=650  \0$aemoties$356, 74, 344, 419, 459$020145969$931445
=650  \0$aemoties$3875$020145969$931445
=650  \0$aemoties$3839$020145990$931445
=650  \0$aEngel$3733$020145971$931457
=650  \0$aportamento$3345$020145969$936099
=650  \0$aportamento$3691, 695$020145969$936099
=650  \0$aportamento$3867, 1018$020145969$936099
=650  \0$aPraag_conservatorium$3803-807$020145969$936126
=650  \0$aentréeprijs$3446, 543, 550, 575, 873$020145969$931492
=650  \0$aentréeprijs$348, 50, 626, 671, 672, 674, 675, 689, 824, 825$020145970$931492
=650  \0$aentréeprijs$3222, 590, 795$020145971$931492
=650  \0$aentréeprijs$3751$020145969$931492
=650  \0$aentréeprijs$3528, 533$020145969$931492
=650  \0$aentréeprijs$343, 326, 628, 629$020145990$931492
=650  \0$afagot$3403$020145969$931585
=650  \0$afagot$3199, 242a, 794, 864$020145971$931585
=650  \0$afagot$362, 476, 477$020145969$931585
=650  \0$afagot$3719, 720$020145969$931585
=650  \0$afagot$3689$020145990$931585
=650  \0$aprima vista$3885$020145969$936203
=650  \0$aprima vista$347, 86$020145970$936203
=650  \0$aprima vista$3288$020145969$936203
=650  \0$afalso bordoni$3592$020145969$931600
=650  \0$apubliek$347, 85 (5), 203, 444, 499$020145969$936257
=650  \0$apubliek$3212, 269, 347-352, 378, 532, 541, 542, 543, 603, 641, 688$020145970$936257
=650  \0$apubliek$358, 110, 132, 133, 174, 222, 226, 227, 346, 491, 500, 501, 531, 532, 533, 534$020145969$936257
=650  \0$apubliek$3599, 600, 617, 678, 737914, 993$020145969$936257
=650  \0$apubliek$312, 13, 14, 15, 45, 475, 678, 709$020145990$936257
=650  \0$aFasch$3115, 202a, 425, 571-575, 581-590, 822a$020145970$931619
=650  \0$aFasch, J.F.$364, 305$020145969$931621
=650  \0$aFenaroli$3950$020145969$931653
=650  \0$afermate$377, 437, 438$020145969$931664
=650  \0$afermate en koraal$3866$020145969$931668
=650  \0$aField$3197, 198$020145971$931699
=650  \0$aflageolet$372$020145971$931739
=650  \0$aSpohr$362, 175, 255, 284$020145969$936434
=650  \0$aSpohr, L.$3746, 749, 750, 751, 753, 754, 755, 756, 854, 935$020145969$936436
=650  \0$aSpohr, L.$3253-255, 325-327, 383, 482, 505, 584, 585, 586, 587, 674-678, 725-728, 804, 860$020145990$936436
=650  \0$aSpontini$359, 215, 216, 217, 218$020145969$936440
=650  \0$aSpontini$3554$020145969$936440
=650  \0$aSpontini$3958, 961, 1056$020145969$936440
=650  \0$aForkel, N.$3361-369, 516, 517, 582, 804$020145971$931823
=650  \0$aStamitz$3504, 603, 604$020145970$936501
=650  \0$afortepiano$3816$020145969$931832
=650  \0$afortepiano$3293$020145969$931832
=650  \0$afortepiano$3902$020145969$931832
=650  \0$afortepiano$3149, 150, 613, 863, 864$020145990$931832
=650  \0$afortepiano_Duitsland 18e eeuw$3117-122, 135-137, $020145969$931834
=650  \0$astemmen van instrumenten$3737, 738$020145969$936548
=650  \0$astemomvang$332, 761$020145969$936561
=650  \0$astemomvang$370, 119, 212$020145970$936561
=650  \0$astemomvang$3782, 811$020145969$936561
=650  \0$astemomvang$356, 224, 344, 456$020145969$936561
=650  \0$astemomvang$3620, 678, 691, 821$020145969$936561
=650  \0$astemregisters$3418$020145969$936566
=650  \0$astreektechniek$3557$020145969$936623
=650  \0$astreektechniek$3715, 716$020145969$936623
=650  \0$aStreicher$3293$020145969$936626
=650  \0$aStreicher, A.$3613a$020145970$936627
=650  \0$aStreicher, N.$3156, 157, 241a$020145971$936628
=650  \0$astrijkkwartet$3513-523$020145969$936634
=650  \0$aSueur, la$3684$020145971$936669
=650  \0$aFux, J.J.$31000$020145969$931956
=650  \0$aSüßmayr$3814$020145969$936680
=650  \0$aSüßmayr$345, 253, 487, 798$020145970$936680
=650  \0$aSwieten, van$350, 575, 578, 614a$020145970$936701
=650  \0$aSwieten, van $3476$020145971$936702
=650  \0$aSwieten, von$3252-256, 446$020145969$936703
=650  \0$atabak$3176 (16)$020145969$936718
=650  \0$atabak$3600$020145969$936718
=650  \0$atactus$33-10$020145970$936722
=650  \0$aTartini$3326, 611$020145969$936748
=650  \0$aTartini$3533$020145970$936748
=650  \0$aTartini$3657, 658, 659, 661$020145971$936748
=650  \0$aGasmann$343, 44, 46, 54, 461$020145970$932013
=650  \0$atekst$3257-264, 344$020145969$936775
=650  \0$atekstuitspraak$3214$020145969$936786
=650  \0$atekstuitspraak$3816, 817$020145970$936786
=650  \0$atekstuitspraak$340$020145969$936786
=650  \0$atekstuitspraak$3875$020145969$936786
=650  \0$agemeentezang_tempo$3438, 439$020145969$932106
=650  \0$agemeentezang_vierstemmig$35-12, 804$020145990$932107
=650  \0$aTelemann_na dood$3196$020145971$936790
=650  \0$aTelemann, G.P.$356, 203?, 235, 472a$020145970$936796
=650  \0$atemperament$3806-809$020145971$936806
=650  \0$atemperatuur$358a, 260, 263, 266, 704, 748, 749, 869a$020145970$936807
=650  \0$atemperatuur$3463, 531, 825$020145971$936807
=650  \0$atemperatuur$380, 84, 85$020145969$936807
=650  \0$atemperatuur$3598$020145969$936807
=650  \0$atemperatuur$3317, 333, 414-416$020145990$936807
=650  \0$atempo$3738, 791$020145970$936814
=650  \0$atempo$3563, 705b-707b$020145971$936814
=650  \0$atempo$3169, 454, 592, 597, 690, 978, 1000$020145969$936814
=650  \0$atempo$3233-244, 353, 589-591, 630, 631-636, 873, 874$020145990$936814
=650  \0$atempo $342, 461, 462$020145969$936815
=650  \0$atempo rubato$39, 135$020145970$936822
=650  \0$atempo rubato$3145b-149, 475$020145971$936822
=650  \0$aTheile$3734$020145969$936890
=650  \0$aglasharmonica$397, 102, 404, 548, 675-679$020145969$932219
=650  \0$aglasharmonica$3688 taf iii, 872 (99)$020145969$932219
=650  \0$aglasharmonica$320, 69, 127, 151, 152, 277, 767$020145970$932219
=650  \0$aglasharmonica$3617, 995, 1060 (anh. 41)$020145969$932219
=650  \0$aglasharmonika$3155, 424-428, 802, 825$020145971$932220
=650  \0$aglasharmonika$3423, 460, 495$020145969$932220
=650  \0$aglissando$3461$020145969$932234
=650  \0$aGluck$337, 202, 305, 385-391, 499$020145969$932235
=650  \0$aGluck$337, 39, 45, 56, 187, 188, 208, 375, 456, 458, 487, 509, 532, 616, 623, 661, 662, 663, 664, 666, 667, 668, 679, 775, 822a$020145970$932235
=650  \0$aGluck$3731, 733, 741, 755$020145969$932235
=650  \0$aGluck$3770-773, 784-789, 837, 952, 994$020145969$932235
=650  \0$aGluck$377, 206, 267, 268, 271, 477, 801, 802, 838$020145990$932235
=650  \0$aGlück$3157, 158, 159, 196-198, 213, 223, 253, 277, 289, 489, 524, 525, 548, 555$020145969$932236
=650  \0$aGluck, C.$3tp, 17, 30, 182, 448$020145971$932238
=650  \0$aGoldberg$3695$020145970$932264
=650  \0$aGossec$3420$020145969$932278
=650  \0$atoonaardkarakteristieken$3672-674$020145990$937026
=650  \0$agoût$3793-798$020145969$932303
=650  \0$aGraun$3204, 305, 829-831, 832 (95)$020145969$932339
=650  \0$aGraun$3132, 133, 170, 208, 243, 261, 264, 275, 279, 279, 280, 282-286, 287, 441, 478, 98, 682, 691, 775$020145970$932339
=650  \0$aGraun$3453, 454, 554, 601$020145971$932339
=650  \0$aGraun$3843$020145969$932339
=650  \0$aGraun$3527$020145969$932339
=650  \0$aGraun$3575, 689, 970$020145969$932339
=650  \0$atransponeren$3560$020145969$937072
=650  \0$atransponeren$3650$020145969$937072
=650  \0$atravestie$3344$020145969$937087
=650  \0$aGretry$3224, 438, 439, 832 (89-91)$020145969$932386
=650  \0$aGretry$3548$020145969$932386
=650  \0$aGrétry$3605, 682, 822a, 839, 940$020145970$932387
=650  \0$aGrétry$3478b$020145971$932387
=650  \0$aGrétry$3783$020145969$932387
=650  \0$aGrétry$341, 58, 59, 60, 420, 462$020145969$932387
=650  \0$aGrétry$3991$020145969$932387
=650  \0$aGrétry$378, 271, 426$020145990$932387
=650  \0$aGriekse muziek$3385-393, 401-406, 416, naast 416, 861-863$020145990$932396
=650  \0$aGriesinger$3705-713, 721-733, 737-747$020145969$932401
=650  \0$atrillers etc. $392$020145969$937147
=650  \0$atrillers etc. $3819, 830$020145971$937147
=650  \0$aGyrowetz$3549$020145969$932494
=650  \0$aGyrowetz$341, 105, 220, 299$020145969$932494
=650  \0$aGyrowetz$3607, 674$020145969$932494
=650  \0$atrombone$3112$020145970$937186
=650  \0$atrombone$3817$020145971$937186
=650  \0$aTromlitz$3143$020145969$937188
=650  \0$aTromlitz$3611, 612, 615, 616, 680, 681, 682, 683$020145971$937188
=650  \0$aTromlitz$3666, 667, 669, 670, 673$020145969$937188
=650  \0$atrompet$3199, 562, 567$020145971$937194
=650  \0$atrompet$3755$020145969$937194
=650  \0$atrompet$3136, 149, 429, 497, 829, 830$020145990$937194
=650  \0$aharp$340, 48 (8, 9), 112 (9), 176 (14), 208 (21, 24), 283, 288, 320 (38, 40), 398, 399, 448 (60), 496 (63), 520, 560 (67, 68), 567, 736$020145969$932582
=650  \0$aharp$323, 57, 129, 19, 208, 337a, 338a, 697-701, 871a$020145970$932582
=650  \0$aharp$323, 198, 199, 200, 244, 296, 319, 320, 321, 441, 551a, 589, $020145971$932582
=650  \0$aharp$342, 75, 107, 154, 168, 457, 458, 459$020145969$932582
=650  \0$aharp$3722$020145969$932582
=650  \0$aharp$315, 17, 18, 63, 277, 481, 514, 516, 557, 740, 769, 772, 843, 863$020145990$932582
=650  \0$aHasse$3305, 329, 499$020145969$932603
=650  \0$aHasse$3659$020145971$932603
=650  \0$aHasse$3969-971$020145969$932603
=650  \0$aHasse_na dood$350, 208, 243, 261, 264, 275, 277, 278, 279, 279, 280, 282, 478, 573, 574, 682, 775, 776, 777, 792, 793, 811-813$020145970$932604
=650  \0$aVanhall$3872$020145969$937347
=650  \0$aHaydn, J.$352, 53, 63, 144, 152-155, 193 (17), 253, 254, 256-xix, 188 + Beilage, 305, 306, 313, 334, 335, 343, 344, 380, 381, 382, 396, 397, 416, 416 (46, 47-49), 422-424, 425, 439, 442, 446, 448 (57, 58-xxxx), 500, 526, 543, 544, 576 (69), 599-602, 625 (73), 754, 764, 815, 822, 837-850, 854, 883$020145969$932639
=650  \0$aHaydn, J.$39, 28, 39, 40, 45, 46, 48, 50, 116, 130, 131, 176, 180, 183, 209, 216, 219, 220, 223, 228, 235, 237, 253, 269, 270, 272, 273, 289, 290-296, 336, 348, 349, 367, 388, 392, 405-410, 448, 459, 477, 479, 498, 509-515, 547, 557, 558, 575-579, 611, 639, 741a, 743a, 777, 822a, 838, 839, 842, 843, 852, 867, 868$020145970$932639
=650  \0$aHaydn, J.$3705-713, 721-733, 737-747, 766, 776-781, 782$020145969$932639
=650  \0$aHaydn, J.$329, 39, 40, 57, 70, 175, 216, 230-233, 277, 286, 287, 289, 293, 481-485, 507, 513, 532, 554$020145969$932639
=650  \0$aHaydn, J.$3565, 566, 568, 590, 620, 683, 684, 685, 740-743, 745-750, 973, 1006-1010, 1060 (anh.)$020145969$932639
=650  \0$aHaydn, J. $343a, 53-55, 86, 87, 117, 118, 119, 133, 182, 196, 201, 234, 242b, 264, 406, 409, 436, 448, 476, 669-672, 685-688, 737, 738$020145971$932640
=650  \0$aHaydn, J._en piano$3721, 726, 727, 732, 738, 777$020145969$932641
=650  \0$3305$020145969$932645
=650  \0$aHaydn, M.$3459, 775$020145970$932645
=650  \0$aHaydn, M.$3739, 741$020145969$932645
=650  \0$aViadana$3325, 326$020145969$937525
=650  \0$aHildebrandt$3316, 334, 335, 336$020145990$932774
=650  \0$aHiller$364, 185, 243, 245, 258, 260, 273, 307, 312, 428, 552$020145969$932778
=650  \0$aHiller$3975$020145969$932778
=650  \0$aHiller, A.$3182, 183, 445, 471, 721a, 813$020145971$932779
=650  \0$aHiller, I.A.$3325, 326, 327, 329, 423, 615a, 616a, 784, 803, 804, 866$020145970$932782
=650  \0$avingerzetting$3119-122, 156, 157$020145969$937568
=650  \0$avingerzetting$3260$020145970$937568
=650  \0$avingerzetting$325a, 138$020145971$937568
=650  \0$avingerzetting$3767, 678$020145969$937568
=650  \0$avingerzetting$378, 79, 247$020145969$937568
=650  \0$avingerzetting$3161-166$020145969$937568
=650  \0$aviola d'amore$3189, 190$020145970$937580
=650  \0$aHomilius$3305$020145969$932877
=650  \0$aHomilius$3243$020145970$932877
=650  \0$ahoorn$394, 95, 109, 413, 144, 404, 416 (46), 621, 886$020145969$932928
=650  \0$ahoorn$348, 190, 308-314, 466, 467, 497, 553, 843$020145970$932928
=650  \0$ahoorn$371, 199, 222, 262, 279, 406, 407, 835$020145971$932928
=650  \0$ahoorn$330, 31, 105, 109, 118, 222, 345, 459$020145969$932928
=650  \0$ahoorn$3720$020145969$932928
=650  \0$ahoorn$3561, 814-816, 831, 857, 858$020145990$932928
=650  \0$ahoornklavier$3470, 471$020145969$932934
=650  \0$aViotti$3558, 559, 822a, 840, 841$020145970$937621
=650  \0$aViotti$3199, 307, 484, 586, 731, 827-830, 866, 867$020145971$937621
=650  \0$aHullmandel$3198$020145971$932994
=650  \0$aimprovisatie$349, 220$020145970$933059
=650  \0$aimprovisatie$3567$020145971$933059
=650  \0$aimprovisatie-notatiemachine$352, 53$020145969$933063
=650  \0$avolume$392, 93$020145969$937724
=650  \0$avolume$3214$020145969$937724
=650  \0$avolume$3620, 710, 717$020145969$937724
=650  \0$aItaliaanse invloed in Duitsland$3657-662$020145971$933141
=650  \0$avrijheid in maat $3592$020145969$937807
=650  \0$aWalther, J.$3105$020145970$937859
=650  \0$aJomelli$3224, 768, 881$020145969$933231
=650  \0$aJomelli$3775, 828$020145970$933231
=650  \0$aJomelli$337, 147b, 582$020145971$933231
=650  \0$aJomelli$3795, 796, 797, 842$020145969$933231
=650  \0$aJomelli$3989$020145969$933231
=650  \0$ajongenssopraan$3155, 541$020145970$933241
=650  \0$ajongenssopraan$3601$020145971$933241
=650  \0$aWerckmeister, A.$3317$020145990$937929
=650  \0$aKeiser, R.$3249, 276, 279$020145970$933338
=650  \0$awinddruk$3521-525, 531$020145970$937993
=650  \0$aWinter$3802, 826$020145970$938002
=650  \0$aWinter, P.$331, 32, 38, 39, 106, 177, 178-188$020145969$938005
=650  \0$awonderkind$328, 30, 32, 603, 622, 623, 886$020145969$938047
=650  \0$awonderkind$318, 19, 24, 309, 417, 483, 785$020145970$938047
=650  \0$awonderkind$371, 589, 65$020145971$938047
=650  \0$awonderkind$3784$020145969$938047
=650  \0$awonderkind$3221, 462, 474, 538$020145969$938047
=650  \0$awonderkind$3573, 607, 789$020145969$938047
=650  \0$awonderkind$3381, 513, 561, 804$020145990$938047
=650  \0$azang als voorbeeld$3741$020145969$938078
=650  \0$azang als voorbeeld$3625$020145969$938078
=650  \0$azangeres in kerk$3836$020145969$938090
=650  \0$azangeres in kerk$3112, 657$020145970$938090
=650  \0$azangeres in kerk$339, 43, 174, 237$020145969$938090
=650  \0$azangeres in kerk$3574, 575, 622, 661, 714, 751$020145969$938090
=650  \0$aKirnberger$3508, 509, 510, 832 (94, 95)$020145969$933423
=650  \0$aKirnberger$3132, 155, 156, 171, 173, 175, 210, 265, 287, 304-306, 405, 597, 598-601, 605$020145970$933423
=650  \0$aKirnberger$3449, 470$020145971$933423
=650  \0$aKirnberger$3580, 583, 705$020145969$933423
=650  \0$aKittel$3297a$020145971$933431
=650  \0$aKittel, J.C.$324, 496 (62), 884$020145969$933432
=650  \0$aKittel, J.C.$3339a, 616a, 649-655, 668-671$020145970$933432
=650  \0$aklarinet$3328, 403, 560 (68), 621$020145969$933442
=650  \0$aklarinet$371, 95, 450$020145970$933442
=650  \0$aklarinet$371, 173, 242a, 243b, 261, 276, 578, 804a$020145971$933442
=650  \0$aklarinet$3174, 298, 299, 302, 456, 494, 556$020145969$933442
=650  \0$aklarinet$3709, 719, 750, 756, 754, 933, 935, 996, 1059$020145969$933442
=650  \0$aklarinet$317, 190, 509, 510, 513, 557, 689, 690, 713-719, naast 728, 839$020145990$933442
=650  \0$aZelter$3202a, 426, 587, 589, 590$020145970$938126
=650  \0$aZelter$3554$020145971$938126
=650  \0$aZelter$3734, 815$020145969$938126
=650  \0$aZelter$3254, 425, 527$020145969$938126
=650  \0$aZelter$3602, 1042, 1060$020145969$938126
=650  \0$aklavecimbel_19e eeuw$3188, 300a, 558$020145971$933473
=650  \0$aklavecimbel_19e eeuw$3470$020145969$933473
=650  \0$aklavecimbel_19e eeuw$3779$020145990$933473
=650  \0$azuiverheid$3143, 172, 285, 416 (55)$020145969$938176
=650  \0$azuiverheid$343, 47, 48, 70, 135, 212, 422, 543, 559$020145970$938176
=650  \0$azuiverheid$3609-66, 625b-638, 650, 653, 681, 786b, 847$020145971$938176
=650  \0$azuiverheid$341, 56, 108$020145969$938176
=650  \0$azuiverheid$3321, 652, 678, 810, 815$020145990$938176
=650  \0$aZumsteeg$3183, 279, 280, 313-317, 374, 526$020145971$938184
=650  \0$aZumsteeg$3685$020145969$938184
=650  \0$aZumsteeg, J.R. $3352-xxxii, 574, 657-675, 689-711, 785, 813, 864$020145969$938185
=650  \0$azwelkast$3341$020145990$938191
=650  \0$azwelkast op orgel$3415$020145969$938192
=650  \0$aZwingli_en muziek$3147$020145969$938198
=650  \0$aZwolle$3784 (87)$020145969$938200
=650  \0$aRameau$3326, 327, 499$020145969$938219
=650  \0$aRameau$3266$020145990$938219
=650  \0$aRameau, J.P.$3265, 337, 413, 597, 598, 661, 662, 681, 732, 821b$020145970$938224
=650  \0$aRameau, J.P.$3tp$020145969$938224
=650  \0$aRameau, J.P.$3986$020145969$938224
=650  \0$aklavecimbelconcerti$3652$020145969$933531
=650  \0$aklavecimbelconcerti$3695$020145970$933531
=650  \0$aklavichord_19e eeuw$3207$020145970$933564
=650  \0$aklavichord_19e eeuw$3802b, 803$020145971$933564
=650  \0$aklavichord_19e eeuw$3470$020145969$933564
=650  \0$aklavichord_19e eeuw$3779$020145990$933564
=650  \0$arecitatief$3504$020145971$938285
=650  \0$arecitatief$361, 344$020145969$938285
=650  \0$arecitatief$347$020145990$938285
=650  \0$arègle de l'octave$3746$020145970$938325
=650  \0$aReicha$3750$020145969$938333
=650  \0$aklokkenspelregister op orgel$3339$020145990$933633
=650  \0$aKnecht$3264-269, 285-289, 315-318, 725-732, 741b-750$020145970$933639
=650  \0$aKnecht, fam$3462a, 529-533, 533-535$020145971$933640
=650  \0$aRellstab$3104, 106$020145969$938367
=650  \0$aRellstab$3808, 996$020145969$938367
=650  \0$arepeteren$3466, 504, 624, 672, 776$020145970$938377
=650  \0$arepeteren$3108, 109, 119, 136$020145969$938377
=650  \0$arepeteren$3749$020145969$938377
=650  \0$arepeteren$35$020145990$938377
=650  \0$akoor/orkestbezetting$3335, 461, 729, 819, 882$020145969$933678
=650  \0$akoor/orkestbezetting$324, 46, 200, 222, 269, 289, 290, 512, 549, 550, 552, 672, 695$020145970$933678
=650  \0$akoor/orkestbezetting$3108b, 508, 562b, 600, 668$020145971$933678
=650  \0$akoor/orkestbezetting$372, 119, 134, 135, 236, 253, 266, 302, 425, 494, 525, 537$020145969$933678
=650  \0$akoor/orkestbezetting$3568, 574, 600, 602, 603, 644, 714-722, 729-731, 745, 746, 747, 748, 836, 948, 978, 1014$020145969$933678
=650  \0$akoor/orkestbezetting$319, 130, 320, 363, 374, 504, 563, 566, 567, 581, 617, 659, 660, 720$020145990$933678
=650  \0$akoor/orkestopstelling$347, 551, 552$020145970$933679
=650  \0$akoor/orkestopstelling$3236$020145969$933679
=650  \0$akoor/orkestopstelling$3570-572, 575, 576, 617, 729-731, 749, 750$020145969$933679
=650  \0$akoor/orkestopstelling$3566$020145990$933679
=650  \0$aRighini$3350, 351, 604, 712$020145969$938452
=650  \0$aRighini$3782$020145969$938452
=650  \0$aRighini$3423, 425, 494, 528$020145969$938452
=650  \0$aRighini$3753$020145969$938452
=650  \0$aRinck$3884$020145969$938459
=650  \0$akoraal met fermate$3477a, 480a$020145971$933705
=650  \0$akoraal met tussenspelen$3268, 652$020145970$933706
=650  \0$akoraalspel en tussenspel$3437, 438$020145969$933715
=650  \0$aritme$3113-118$020145969$938471
=650  \0$aRochlitz$3201a, 202a, 596, 613a, 686, 818$020145970$938492
=650  \0$aRochlitz$31, 2, 100, 509-522$020145971$938492
=650  \0$aRochlitz$3890$020145990$938492
=650  \0$aRochlitz, F.$320, 102, 157, 176, 180, 214, 440, 506, 629$020145969$938493
=650  \0$aRolle$3479$020145970$938513
=650  \0$aRomberg, A.$3209-212, 423, 426, 476, 477, 525, 526, 527, 537, 557$020145969$938530
=650  \0$aRomberg, familie$3125, 126, 127, 128, 624 taf. xv, 685, 872 taf xviii$020145969$938532
=650  \0$akwaliteit van concert$3552$020145969$933813
=650  \0$akwaliteit van uitvoering$362, 63, 462, 463, 761, 881, 882$020145969$933816
=650  \0$341, 42, 43-46, 47, 49, 51, 189, 237, 240, 289, 290, 463-433, 478, 497, 500, 541, 639, 672, 691, 692, 771, 775, 837$020145970$933816
=650  \0$akwaliteit van uitvoering$330, 203, 249, 260, 356, 562, 563, 564, 565$020145971$933816
=650  \0$akwaliteit van uitvoering$3291$020145969$933816
=650  \0$akwaliteit van uitvoering$3576$020145969$933816
=650  \0$akwaliteit van uitvoering$36, 378, 381, 652, 676, 678, 772, 773, 787$020145990$933816
=650  \0$akwint/oktaafparallellen$364, 166, 609, 615a$020145970$933824
=650  \0$akwint/oktafparallellen$3676$020145990$933826
=650  \0$aRossini$326, 27-29, 192-193, 197, 198, 208, 322, 323, 329, 486, 491, 492, 503, 506, 507, 508, 610$020145990$938572
=650  \0$aRousseau, J.J.$337-39, 54, 55, 661, 839, 840$020145970$938595
=650  \0$arugwerk$3319$020145990$938635
=650  \0$aRulofs, B.$3674, 676$020145970$938642
=650  \0$aSacchini$3509$020145970$938668
=650  \0$asalaris$348, 192, 402, 428, 581$020145969$938697
=650  \0$asalaris$321, 43, 45, 67, 68, 270, 404, 547, 575, 642, 663, 808, 812, 835$020145970$938697
=650  \0$asalaris$3108b, 111b, 279, 373, 374, 568, 660$020145971$938697
=650  \0$asalaris$3741$020145969$938697
=650  \0$asalaris$359, 60, 147, 218, 266, 292$020145969$938697
=650  \0$asalaris$3591, 613, 614, 738, 806, 866, 952$020145969$938697
=650  \0$aSalieri$3337, 570$020145969$938701
=650  \0$aSalieri$342, 43, 497, 624$020145970$938701
=650  \0$aSalieri$3206, 458$020145971$938701
=650  \0$aSalieri$3196-198, 293$020145969$938701
=650  \0$aSalieri $3968$020145969$938702
=650  \0$aLeipzig$3561-567$020145969$934005
=650  \0$aLeipzig_Thomasschule$3129, 130a$020145971$934028
=650  \0$alesgeld$3841$020145970$934067
=650  \0$alesgeven$3292, 293$020145969$934068
=650  \0$alestijden$31024, 1025, 1028$020145969$934074
=650  \0$aScheibe, J.A.$3499, 500, 506$020145971$938814
=650  \0$aScheidemann$3naast 548, 655$020145990$938817
=650  \0$aLolli$3578-584, 609-613, 685, 686, 820$020145969$934191
=650  \0$aLolli$3461$020145970$934191
=650  \0$aLolli$356, 86, $020145971$934191
=650  \0$aSchicht$3241b, 243, 248, 482$020145971$938846
=650  \0$aSchicht$3239, 417, 507$020145969$938846
=650  \0$aSchikaneder$3448$020145969$938855
=650  \0$aSchikaneder$3404, 436, 484, 643, 681, 690, 799$020145970$938855
=650  \0$aSchikaneder$3794$020145971$938855
=650  \0$aSchikaneder$3220, 336$020145969$938855
=650  \0$aSchikaneder, C.$3675$020145969$938856
=650  \0$aSchubart$3207, 208, 312$020145971$938974
=650  \0$aSchulz, I.A.P.$3153-157, 169-176, 220, 326, 367, 405, 429, 430, 431, 597-604, 604-606, 613v-320, 329-635, 684$020145970$938985
=650  \0$aSchulz, J.A.P.$3262, 264, 481, 484$020145969$938988
=650  \0$aSchuster$3309, 331$020145969$939002
=650  \0$aSchuster$3791-794$020145970$939002
=650  \0$aSchuster$321, 489$020145971$939002
=650  \0$aSchuster$371, 275, 276, 336$020145969$939002
=650  \0$aSchütz, H.$3732$020145969$939007
=650  \0$aSchwencke$3116$020145990$939024
=650  \0$aSenfl, L.$335-37$020145969$939057
=650  \0$aserpent$3403, 404$020145969$939067
=650  \0$aserpent$3813$020145971$939067
=650  \0$aSilbermann$3316, 333, 334, 335$020145990$939112
=650  \0$aSilbermann, G.$3790, 792$020145970$939116
=650  \0$aSilbermann, G.$3237$020145969$939116
=650  \0$aMälzel$3243, 417-422, 509, 627, 873, 874$020145990$934408
=650  \0$aslagwerk$3553$020145970$939152
=650  \0$aslagwerk$329$020145971$939152
=650  \0$aslagwerk$3742$020145969$939152
=650  \0$aslagwerk$3477, 478$020145969$939152
=650  \0$aslagwerk$3916$020145969$939152
=650  \0$aslagwerk$3831, 832$020145990$939152
=650  \0$asmaak$3793-798$020145969$939165
=650  \0$aMarcello$3825, 842$020145969$934445
=650  \0$asnaren$3522-523, 872 (99)$020145969$939189
=650  \0$asnaren$3337a, 781$020145970$939189
=650  \0$amise-en-scene$3269, 351, 357-357, 426, 463$020145969$939271
=650  \0$amise-en-scène$3484, 563, 690$020145970$939272
=650  \0$amise-en-scène$326b, 27b, 37, 344, 506, 684, 779$020145971$939272
=650  \0$amise-en-scène$339, 47, 300, 302$020145969$939272
=650  \0$amise-en-scène$3708, 822$020145969$939272
=650  \0$aMarpurg$3243, 509$020145969$934481
=650  \0$aMarpurg$3210, 304-306, 472a$020145970$934481
=650  \0$aMarpurg$3705, 969?-974?$020145969$934481
=650  \0$aMartini, Padre$3656$020145969$934501
=650  \0$aMartini, Padre$368, 69$020145969$934501
=650  \0$aMattheson$3210, 303$020145970$934534
=650  \0$aMattheson, J.$365$020145969$934535
=650  \0$aMayr, S.$386, 208 (muz bijl. iii), 374, 456$020145971$934561
=650  \0$ameerkorige opstelling$3552$020145970$934593
=650  \0$ameerkorigheid$3552$020145970$934594
=650  \0$aMéhul$348, 49, 514$020145970$934609
=650  \0$aMéhul$3175, 190, 264, 538-640, 733, 795, 796, 818, 819, 820$020145971$934609
=650  \0$aMéhul$3748, 764$020145969$934609
=650  \0$aMéhul$344, 152, 214, 334, 420, 509, 554$020145969$934609
=650  \0$aMéhul$3565, 728, 1040$020145969$934609
=650  \0$aMéhul$3406-408, 785, 786, 839$020145990$934609
=650  \0$amessa di voce$3846-847$020145971$934702
=650  \0$amessa di voce$3791$020145969$934702
=650  \0$ametronoom$3233-244, 248 afb., 417-422, 623-627, 633-636, 873, 874$020145990$934713
=650  \0$ametronoom_prijs van $3422$020145990$934722
=650  \0$ametronoomslag heen / terug 1 slag$3237, 421$020145990$934724
=650  \0$amilitaire muziek$3193a$020145971$934762
=650  \0$aMonsigny$3784$020145969$934830
=650  \0$aMonsigny$3134, 135$020145990$934830
=650  \0$aMozart, L.$3134, 190, 368, 477, 631, 692$020145990$934924
=650  \0$aMozart, W.A.$3177-183, 192 (20), 253, 283-297, 305, 380, 381, 382, 416 (46, 47), 448, 480, 494-496, 502, 526, 547, 549, 576 (70, 72), 605, 606, 43-752, 764, 765, 854, 855, 856, 856 (97), 876-88$020145969$934927
=650  \0$aMozart, W.A.$325-35, 40, 45, 51-54, 63, 127-129, 131, 182, 208, 209, 213, 216, 218, 219, 221, 222, 235, 238-240, 243, 261, 272, 273, 301, 335, 348, 349, 389-401, 414, 419, 450-452, 464, 465, 493-497, 557, 558, 590-596, 639, 640, 677b, 685, 692, 822a, 837$020145970$934927
=650  \0$aMozart, W.A.$317, 30, 105, 117, 181, 182, 196, 203, 297a, 399, 400?, 108?, 435, 436, 437, 449, 451, 452, 476, 482, 483, 486, 513, 689-697, 725, 726, 729$020145971$934927
=650  \0$aMozart, W.A.$3732, 766, 781, 794-797$020145969$934927
=650  \0$aMozart, W.A.$357, 110, 167, 266, 268, 289, 293, 297, 326, 327, 454, 455, 486, 500, 507, 521, 532, 552, 553, 558$020145969$934927
=650  \0$aMozart, W.A.$3581, 683, 684, 685, 728, 820-822, 835, 913, 990$020145969$934927
=650  \0$aMozart, W.A.$3134, 190, 368, 477, 631, 692$020145990$934927
=651  \0$aGermany$1http://www.wikidata.org/entity/Q183$9155
=856  \\$uhttps://reader.digitale-sammlungen.de/resolve/display/bsb10528002.html$3vol.1
=856  \\$uhttps://www.digitale-sammlungen.de/en/view/bsb10528004?page=,1$3vol.3
=856  \\$uhttps://opacplus.bsb-muenchen.de/Vta2/bsb10528005/bsb:4114325?page=8$3vol.5
=856  \\$uhttps://www.digitale-sammlungen.de/en/view/bsb10527959?page=,1$3vol.11
=856  \\$uhttps://www.digitale-sammlungen.de/en/view/bsb10527960?page=,1$3vol.12
=856  \\$uhttps://www.digitale-sammlungen.de/en/view/bsb10527961?page=,1$3vol.13
=856  \\$uhttps://www.digitale-sammlungen.de/en/view/bsb10527962?page=,1$3vol.14
=856  \\$uhttps://www.digitale-sammlungen.de/en/view/bsb10527963?page=,1$3vol.15
=856  \\$uhttps://www.digitale-sammlungen.de/en/view/bsb10527967?page=,1$3vol.19
=856  \\$uhttps://books.google.be/books?id=uxNDAAAAcAAJ$3vol.20
=856  \\$uhttps://www.digitale-sammlungen.de/en/view/bsb10527969?page=,1$3vol.21
=856  \\$uhttps://www.digitale-sammlungen.de/en/view/bsb10528035?page=,1$3vol.36
=856  \\$uhttps://www.digitale-sammlungen.de/en/view/bsb10527993?page=,1$3vol.45
=942  \\$cPER
=952  \\$00$10$2ddc$3vol. 1 (3 October 1798-25 September 1799)$40$6KTS_1_000000000000000_C3_35_04J03_01$70$8RAR$9905$aORPH$bORPH$cKTS1_C3$d2020-07-08$eKoopman$oKTS1 C3.35 04J03_01$p20145969$r2021-01-12 00:00:00$w2021-01-12$yPER
=952  \\$00$10$2ddc$3 vol. 3 (1 October-23 September 1801) $40$6KTS_1_000000000000000_C3_35_04J03_03$70$8RAR$923014$aORPH$bORPH$cKTS1_C3$d2020-07-08$eKoopman$l0$oKTS1 C3.35 04J03_03$p20145970$r2023-10-31 00:00:00$w2021-01-12$yPER
=952  \\$00$10$2ddc$3 vol. 5 (1 October 1802-21 September 1803) $40$6KTS_1_000000000000000_C3_35_04J03_05$70$8RAR$923015$aORPH$bORPH$cKTS1_C3$d2020-07-08$eKoopman$l0$oKTS1 C3.35 04J03_05$p20145971$r2023-10-31 00:00:00$w2021-01-12$yPER
=952  \\$00$10$2ddc$3vol. 11a (5 October 1808-27 September 1809) $40$6KTS_1_000000000000000_C3_35_04J03_11A$70$8RAR$923016$aORPH$bORPH$cKTS1_C3$d2020-07-08$eKoopman$l0$oKTS1 C3.35 04J03_11a$p20145972$r2023-10-31 00:00:00$w2021-01-12$yPER
=952  \\$00$10$2ddc$3vol. 11b (5 October 1808-27 September 1809) $40$6KTS_1_000000000000000_C3_35_04J03_11B$70$8RAR$923017$aORPH$bORPH$cKTS1_C3$d2020-07-08$eKoopman$l0$oKTS1 C3.35 04J03_11b$p20145973$r2023-10-31 00:00:00$w2021-01-12$yPER
=952  \\$00$10$2ddc$3vol. 11c (5 October 1808-27 September 1809) $40$6KTS_1_000000000000000_C3_35_04J03_11C$70$8RAR$923018$aORPH$bORPH$cKTS1_C3$d2020-07-08$eKoopman$l0$oKTS1 C3.35 04J03_11c$p20145974$r2023-10-31 00:00:00$w2021-01-12$yPER
=952  \\$00$10$2ddc$3vol. 12a (4 October 1809-26 December 1810)$40$6KTS_1_000000000000000_C3_35_04J03_12A$70$8RAR$923019$aORPH$bORPH$cKTS1_C3$d2020-07-08$eKoopman$l0$oKTS1 C3.35 04J03_12a$p20145975$r2023-10-31 00:00:00$w2021-01-12$yPER
=952  \\$00$10$2ddc$3vol. 12b (4 October 1809-26 December 1810)$40$6KTS_1_000000000000000_C3_35_04J03_12B$70$8RAR$923020$aORPH$bORPH$cKTS1_C3$d2020-07-08$eKoopman$l0$oKTS1 C3.35 04J03_12b$p20145976$r2023-10-31 00:00:00$w2021-01-12$yPER
=952  \\$00$10$2ddc$3vol. 12c (4 October 1809-26 December 1810)$40$6KTS_1_000000000000000_C3_35_04J03_12C$70$8RAR$923021$aORPH$bORPH$cKTS1_C3$d2020-07-08$eKoopman$l0$oKTS1 C3.35 04J03_12c$p20145977$r2023-10-31 00:00:00$w2021-01-12$yPER
=952  \\$00$10$2ddc$3vol. 12d (4 October 1809-26 December 1810)$40$6KTS_1_000000000000000_C3_35_04J03_12D$70$8RAR$923022$aORPH$bORPH$cKTS1_C3$d2020-07-08$eKoopman$l0$oKTS1 C3.35 04J03_12d$p20145978$r2023-10-31 00:00:00$w2021-01-12$yPER
=952  \\$00$10$2ddc$3vol. 13 (2 January 1811-25 December 1811) $40$6KTS_1_000000000000000_C3_35_04J03_13$70$8RAR$923023$aORPH$bORPH$cKTS1_C3$d2020-07-08$eKoopman$l0$oKTS1 C3.35 04J03_13$p20145979$r2023-10-31 00:00:00$w2021-01-12$yPER
=952  \\$00$10$2ddc$3vol. 14 (1 January 1812-30 December 1812) $40$6KTS_1_000000000000000_C3_35_04J03_14$70$8RAR$923024$aORPH$bORPH$cKTS1_C3$d2020-07-08$eKoopman$l0$oKTS1 C3.35 04J03_14$p20145980$r2023-10-31 00:00:00$w2021-01-12$yPER
=952  \\$00$10$2ddc$3vol. 15 (6 January 1813-29 December 1813) $40$6KTS_1_000000000000000_C3_35_04J03_15$70$8RAR$923025$aORPH$bORPH$cKTS1_C3$d2020-07-08$eKoopman$l0$oKTS1 C3.35 04J03_15$p20145989$r2023-10-31 00:00:00$w2021-01-12$yPER
=952  \\$00$10$2ddc$3 vol. 19 (3 January 1817-24 December 1817) $40$6KTS_1_000000000000000_C3_35_04J03_19$70$8RAR$923026$aORPH$bORPH$cKTS1_C3$d2020-07-08$eKoopman$l0$oKTS1 C3.35 04J03_19$p20145990$r2023-10-31 00:00:00$w2021-01-12$yPER
=952  \\$00$10$2ddc$3vol. 20 (7 January 1818-30 December 1818) $40$6KTS_1_000000000000000_C3_35_04J03_20$70$8RAR$923027$aORPH$bORPH$cKTS1_C3$d2020-07-08$eKoopman$l0$oKTS1 C3.35 04J03_20$p20145991$r2023-10-31 00:00:00$w2021-01-12$yPER
=952  \\$00$10$2ddc$3vol. 21 (6 January 1819-29 December 1819) $40$6KTS_1_000000000000000_C3_35_04J03_21$70$8RAR$923028$aORPH$bORPH$cKTS1_C3$d2020-07-08$eKoopman$l0$oKTS1 C3.35 04J03_21$p20145992$r2023-10-31 00:00:00$w2021-01-12$yPER
=952  \\$00$10$2ddc$3vol. 36 (January 1834-December 1834) $40$6KTS_1_000000000000000_C3_35_04J03_36$70$8RAR$923029$aORPH$bORPH$cKTS1_C3$d2020-07-08$eKoopman$l0$oKTS1 C3.35 04J03_36$p20145993$r2023-10-31 00:00:00$w2021-01-12$yPER
=952  \\$00$10$2ddc$3vol. 45 (4 January 1843-December 1843) $40$6KTS_1_000000000000000_C3_35_04J03_45$70$8RAR$923031$aORPH$bORPH$cKTS1_C3$d2020-07-08$eKoopman$l0$oKTS1 C3.35 04J03_45$p20145994$r2023-10-31 00:00:00$w2021-01-12$yPER
=999  \\$d905

