=LDR  01275aam a2200229   4500
=001  919
=008  231030i18391844|||ag|||\||||\00|\0\dut\d
=041  \\$adut
=245  \\$aNederlandsch muzikaal tijdschrift$nSeptember 1839-December 1844
=260  \\$aUtrecht$bs.n.$c1839-44
=300  \\$a52+[i]-148+[iii]-198+[iv]-206+[iv]-206+[iii]-202-[8] pages
=500  \\$aThis periodical, the predecessor to 'Caecilia,' appeared from 1839 to 1849
=501  \\$aBound in with 'Tijdschrift voor grondige muzikale kritiek'
=648  \0$a19th Century (1801-1900)$1http://www.wikidata.org/entity/Q6955$920935
=650  \0$aMusic history$1http://www.wikidata.org/entity/Q846047$921373
=650  \0$aMusic criticism$1http://www.wikidata.org/entity/Q11748889$921598
=650  \0$aPeriodical$1http://www.wikidata.org/entity/Q1002697$921106
=651  \0$aUtrecht (Netherlands)$1http://www.wikidata.org/entity/Q803$9141
=856  \\$uhttps://books.google.be/books?id=PzRTAAAAcAAJ; https://books.google.be/books?id=bdvEKn_dfiwC; https://books.google.be/books?id=TzRTAAAAcAAJ$3Google Books
=942  \\$cPER
=952  \\$00$10$2ddc$40$6KTS_1_000000000000000_C3_35_04J17B$70$8RAR$9919$aORPH$bORPH$cKTS1_C3$d2020-07-08$eKoopman$l0$oKTS1 C3.35 04J17b$p20145962b$r2021-01-12 00:00:00$w2021-01-12$yPER
=999  \\$d919

