=LDR  00980aam a2200205   4500
=001  920
=008  231030b\\\\\\\\||||||||\||||\00|\0\dut\d
=041  \\$adut
=245  \\$aTijdschrift voor grondige muzikale kritiek en antikritiek$nvol. 68, nos. 9846 and 9847
=260  \\$aUtrecht$bs.n.$c1839
=300  \\$a[4]+[8] pages
=501  \\$aBound in with 'Nederlandsch muzikaal tijdschrift'
=648  \0$a19th Century (1801-1900)$1http://www.wikidata.org/entity/Q6955$920935
=650  \0$aMusic history$1http://www.wikidata.org/entity/Q846047$921373
=650  \0$aMusic criticism$1http://www.wikidata.org/entity/Q11748889$921598
=650  \0$aPeriodical$1http://www.wikidata.org/entity/Q1002697$921106
=651  \0$aUtrecht (Netherlands)$1http://www.wikidata.org/entity/Q803$9141
=942  \\$cPER
=952  \\$00$10$2ddc$40$6KTS_1_000000000000000_C3_35_04J17A$70$8RAR$9920$aORPH$bORPH$cKTS1_C3$d2020-07-08$eKoopman$l0$oKTS1 C3.35 04J17a$p20145962a$r2021-01-12 00:00:00$w2021-01-12$yPER
=999  \\$d920

