=LDR  06636aam a2201129   4500
=001  921
=008  210504s1711\\\\\\\afc||\||||\00|\0\ita\d
=041  \\$aita
=100  \\$aAdami da Bolsena, Andrea$d1663-1742$4aut$1http://www.wikidata.org/entity/Q1077460$95597
=245  \\$aOsservazioni per ben regolare il coro de i cantori della Cappella Pontificia
=260  \\$aRome$bDe' Rossi$c1711
=300  \\$axlvi-215-[1] pages, 3 plates of illustrations$bengraved portraits
=500  \\$aAdami (1663-1742) was a castrato who served Christina van Zweden alongside Corelli and Amadei; he sang in operas by Stradella and Lanciani
=610  \0$aCappella sistina (Vatican, Rome, Italy)$1http://www.wikidata.org/entity/Q2943$923020
=648  \0$a18th Century (1701-1800)$1http://www.wikidata.org/entity/Q7015$920899
=650  \0$aMusic theory$1http://www.wikidata.org/entity/Q193544$92662
=650  \0$aChoir$1http://www.wikidata.org/entity/Q131186$93338
=650  \0$aChoral music$1http://www.wikidata.org/entity/Q1076513$94368
=650  \0$aHistorically informed performance$1http://www.wikidata.org/entity/Q1344860$920980
=650  \0$aCatholicism$1http://www.wikidata.org/entity/Q1841$921631
=651  \0$aRome (Italy)$1http://www.wikidata.org/entity/Q220$949
=653  \0$aad lib. bezetting$347$020145961$w04J18b$928471
=653  \0$aAllegri, G.$3xxi$020145961$w04J18a$928605
=653  \0$aAllegri, G.$334, 36, 37, 38, 41, 47, 198-200$020145961$w04J18b$928605
=653  \0$aAllegri, G.$3198-200$020145961$w04J18b$928605
=653  \0$aAnerio, F.$341, 58, 67, 122, 128, 183-185$020145961$w04J18b$928694
=653  \0$aantifoon intonatie$32, 3, 7, 8, 17$020145961$w04J18b$928724
=653  \0$aArcadelt, G.$3161, 162$020145961$w04J18b$928752
=653  \0$abezetting (voc.)$3x, xi$020145961$w04J18a$929527
=653  \0$abezetting (voc.)$3xxxii, xxxiii, xxxvi, 33, 78, 159-166$020145961$w04J18b$929527
=653  \0$aBan, J.A.$3x$020145961$w04J18b$929061
=653  \0$acastraten$3x, xx$020145961$w04J18a$930282
=653  \0$aCesti, A.$3204, 205$020145961$w04J18b$930378
=653  \0$acrescendo/decrescendo$336, 104$020145961$w04J18b$930846
=653  \0$aorgelbc in Sixtijnse kapel$365, 66, 118$020145961$w04J18b$935540
=653  \0$aOttoboni, P. $3vii, viii-x, xii, tweede opdracht + gravure$020145961$w04J18a$935649
=653  \0$aOttoboni, P. $3xxxxiii, xxxxiv$020145961$w04J18b$935649
=653  \0$aoud-nieuw$3xxi, handgeschreven annotaties$020145961$w04J18b$935651
=653  \0$aoude muziek vroeger$3xiv$020145961$w04J18a$935658
=653  \0$aoude muziek vroeger$3xi, 10, 18, 24, 27, 33, 58, 66, 78, 160, 162, 163, 165, 181, 184, 185, 188, 199$020145961$w04J18b$935658
=653  \0$aPalestrina$3xi, xii, xiii, 10, 18, 24, 28, 33, 39, 41, 44, 66, 67, 70, 72, 74, 76, 78, 81, 86?, 88, 96, 98, 99, 100, 101, 109, 110, 111, 117, 123, 127, 137, 157, 169-174, 181$020145961$w04J18b$935723
=653  \0$adrukfouten$3218$020145961$w04J18b$931221
=653  \0$adynamiek$336, 44, 104, 175$020145961$w04J18b$931346
=653  \0$aemoties$338, 175$020145961$w04J18b$931445
=653  \0$atempo$37, 23, 24, 28, 33, 36, 44, 51, 56, 57, 77, 94, 95, 99, 107$020145961$w04J18b$936814
=653  \0$atransponeren$347, 48$020145961$w04J18b$937072
=653  \0$aharp$3201$020145961$w04J18b$932582
=653  \0$aherhalen van delen van motet$358, 122$020145961$w04J18b$932723
=653  \0$aVictoria, T.L. da$3107, 191$020145961$w04J18b$937538
=653  \0$aVitali, F.$3201$020145961$w04J18b$937644
=653  \0$aJosquin$3xi, 159-161, 170$020145961$w04J18b$933255
=653  \0$akerstconcert$3101, 102$020145961$w04J18b$933384
=653  \0$azangers van het koor$3159-einde$020145961$w04J18b$938100
=653  \0$arepeteren$328$020145961$w04J18b$938377
=653  \0$akooropstelling$31 afb$020145961$w04J18b$933684
=653  \0$arol van koor in eredienst$31-158$020145961$w04J18b$938510
=653  \0$aRossini, G.$3189-191$020145961$w04J18b$938573
=653  \0$asalaris$3ix$020145961$w04J18a$938697
=653  \0$asalaris$3xxvii, xxviii$020145961$w04J18b$938697
=653  \0$aScarlatti, A.$3x$020145961$w04J18a$938789
=653  \0$aScarlatti, A.$341$020145961$w04J18b$938789
=653  \0$aSixtijnse kapel$3wb$020145961$w04J18a$939149
=653  \0$aSixtijnse kapel$31-15$020145961$w04J18b$939149
=653  \0$aMarenzio, L.$353, 185, 186$020145961$w04J18b$934462
=653  \0$aMorales, C.$3xi, 27, 164, 165$020145961$w04J18b$934865
=653  \\$aBonomi$388$929755$020145961$w04J18b
=653  \\$aConforto, L.$3182$930666$020145961$w04J18b
=653  \\$acouperen van muziekstuk$318, 27, 28, 32, 58, 72, 86, 88, 96, 122$930785$020145961$w04J18b
=653  \\$aCrivelli, A.$326, 181$930853$020145961$w04J18b
=653  \\$aDankers, G.$3163$930925$020145961$w04J18b
=653  \\$aDentice$35$931014$020145961$w04J18b
=653  \\$afaslo bordone$33, 4-6$931622$020145961$w04J18b
=653  \\$aFoggia$381$931791$020145961$w04J18b
=653  \\$aGalvex, G.$326$931994$020145961$w04J18b
=653  \\$aGiovanelli, R.$3150, 187, 188$932202$020145961$w04J18b
=653  \\$aGrandi, V. de$3156, 192$932330$020145961$w04J18b
=653  \\$aLandi, F.$3197$933882$020145961$w04J18b
=653  \\$aLiberati, A.$3206-207$934086$020145961$w04J18b
=653  \\$aMalvezzi, O.$3182$934406$020145961$w04J18b
=653  \\$aMerula, G.A.$3166$934697$020145961$w04J18b
=653  \\$aNannino, G.M.$3108, 117, 180-181$935143$020145961$w04J18b
=653  \\$aSanchez, G.$3166$938732$020145961$w04J18b
=653  \\$aSavioni, M.$3202-203$938776$020145961$w04J18b
=653  \\$aSeveri, F.$35, 6, 194$939075$020145961$w04J18b
=653  \\$aSiface$3211$939110$020145961$w04J18b
=653  \\$aSimonelli, M.$328, 57, 157, 208-209$939129$020145961$w04J18b
=653  \\$aSoto, F.$3176-179$936383$020145961$w04J18b
=653  \\$aViola, A. della$3174, 175$937589$020145961$w04J18b
=653  \\$aVittoria, Cav. L. $3191, 195, 196$937649$020145961$w04J18b
=653  \\$aZoilo, A.$3167$938164$020145961$w04J18b
=700  \\$4ill$aTrevisani, Francesco$d1656-1746$1http://www.wikidata.org/entity/Q963875$95598
=700  \\$aJuvarra, Filippo$d1678-1736$1http://www.wikidata.org/entity/Q85000$4ill$921279
=700  \\$4dte$aOttoboni, Pietro$d1667-1740$1http://www.wikidata.org/entity/Q725737$921421
=856  \\$uhttps://archive.org/details/bub_gb_oSdOXnRPsjoC$3Internet Archive
=942  \\$cBOO
=952  \\$00$10$2ddc$40$6KTS_1_000000000000000_C3_34_04J18$70$8RAR$923011$aORPH$bORPH$cKTS1_C3$d2020-07-08$eKoopman$l0$oKTS1 C3.34 04J18$p20145961$r2021-01-12 00:00:00$w2021-01-12$yBOO
=999  \\$d921

