=LDR  03633acd a2200337   4500
=001  923
=008  231030k17731780|||||l||\||||\00|\0\ger\d
=041  \\$ager
=059  \\$aSATB bc
=245  \\$a[Für die kunstliebenden und vaterländische Jugend  von der Musik-Gesellschaft auf der teutschen Schule in Zürich]$b1773-76; 1779-80
=260  \\$aZürich$bDeutsche Schule$c1773-76; 1779-80
=300  \\$a[50 pages]$bbound in paper, plates
=500  \\$aCollection of fragments of a larger unknown publication (paginated 483-538, with plates nr LXI, LXII, LXIV, LXVII) and another section in different page dimensions and folded pages.
=500  \\$aSee 04J21, 10B20, 11H13, 26D03, G1-027 and G1-028 for similar collections 
=500  \\$aContains 4 beautiful engravings by Johann Rudolf Holzhalb (1723-1806)
=505  \\$gDie Ankündigung der Seligkeit für die Friedfertigen Vorgestellet nach Matth. Cap.V v.9. und der  kunstliebenden Jugend verehrt von der Vereinigten Music-Gesellschaft in der Grösseren Stadt auf der Teutschen Schul in Zürich - Die Ankündigung der Seligkeit für die; welche um Christi und um der Gerechtigkeit willen geschmähet und verfolget werden. Vorgestellet nach Matth. Cap.V. v.10, 11, 12. Von der Lobl. Vereingten Music-Gesellschaft in der Grösseren Stadt auf der Teutschen Schul in Zürich - Der Frühling der Natur, Ein anmutiges und treffendes Bild der frohen Auferstehung und des immerwährenden Frühlings des ewigen Lebens.  Der  kunstliebenden Jugend verehrt von der Vereinigten Music-Gesellschaft in der Grösseren Stadt auf der Teutschen Schul in Zürich - Die Betrachtung des Winters als eine Ermunterung zur Erwegung Allmacht Gottes.  Der  kunstliebenden Jugend verehrt von der Vereinigten Music-Gesellschaft in der Grösseren Stadt auf der Teutschen Schul in Zürich - Neujahrsgeschenk für die vaterländische Jugend  von der Musik-Gesellschaft auf der teutschen Schule in Zürich
=520  \\$aIn the 17th century music in Zürich was dominated by three collegia musica: the first was ‘zum Chorherrensaal’, followed by the ‘ab dem Musiksaal’ (from 1613) and ‘zur deutschen Schule’ (from 1679). Initially they were concerned only with sacred music, but later also performed contemporary German and Italian secular music. The three societies merged in 1812 to form the Allgemeine Musikgesellschaft Zürich (AMGZ), which since 1813 has produced books on musical subjects in a series of ‘Neujahrsblättern’, the successors to a series of New Year collections of polyphonic pieces published by two of the collegia musica from 1685 and 1713 respectively.
=534  \\$aOriginally published in 1754
=610  \0$aAllgemeine Musikgesellschaft Zürich (Switzerland)$1http://www.wikidata.org/entity/Q2648827$921129
=648  \0$a18th Century (1701-1800)$1http://www.wikidata.org/entity/Q7015$920899
=650  \0$aVocal music$1http://www.wikidata.org/entity/Q685884$93319
=650  \0$aEducation$1http://www.wikidata.org/entity/Q8434$926206
=650  \0$aReligion$1http://www.wikidata.org/entity/Q9174$93062
=650  \0$aPoetry$1http://www.wikidata.org/entity/Q482$93026
=650  \0$aMoral education$1http://www.wikidata.org/entity/Q25457248$93171
=650  \0$aSong$1http://www.wikidata.org/entity/Q7366$94164
=650  \0$aEmblem$1http://www.wikidata.org/entity/Q112110$93250
=651  \0$aZürich (Switzerland)$1http://www.wikidata.org/entity/Q72$921130
=942  \\$cSCO
=952  \\$00$10$2ddc$40$6KTS_1_000000000000000_C3_34_04J20$70$8RAR$9923$aORPH$bORPH$cKTS1_C3$d2020-07-08$eKoopman$l0$oKTS1 C3.34 04J20$p20145967$r2021-01-12 00:00:00$w2021-01-12$ySCO
=999  \\$d923

