=LDR  01143acm a2200229   4500
=001  925
=008  230417s1753\\\\|||||l||\||||\00|\0\ita\d
=041  \\$aita
=059  \\$avn
=100  1\$aFiorillo, Federigo$d1755-c.1823$4cmp$1http://www.wikidata.org/entity/Q324652$95600
=245  \\$aStudio per il violino diviso in trentasei capricci
=250  \\$a1st ed.
=260  \\$aNaples$bMarescalchi$c1753
=300  \\$a31 pages
=500  \\$aFederigo Fiorillo (1755-after 1823) was a mandolinist, violinist, violist and composer, presently known for his thirty-six caprices for violin, also called études.
=648  \0$1http://www.wikidata.org/entity/Q7015$a18th Century (1701-1800)$920899
=650  \0$aCapriccio$1https://www.wikidata.org/wiki/Q876812$1http://www.wikidata.org/entity/Q876812$921722
=650  \0$aViolin$1http://www.wikidata.org/entity/Q8355$92783
=650  \0$aMusic education$1http://www.wikidata.org/entity/Q27908$921766
=942  \\$cSCO
=952  \\$00$10$2ddc$40$6KTS_1_000000000000000_C3_05_04K01$70$8RAR$9925$aORPH$bORPH$cKTS1_C3$d2020-07-08$eKoopman$l0$oKTS1 C3.05 04K01$p20140459$r2021-01-12 00:00:00$w2021-01-12$ySCO
=999  \\$d925

