=LDR  03033aam a2200337   4500
=001  926
=008  220923s1748\\\\|||\||||\d|||\00|\0ddut\d
=041  \\$adut$hger
=100  \\$aHübner, Johann$d1668-1731$4aut$1http://www.wikidata.org/entity/Q89840$95601
=245  \\$aDe nieuwe, vermeerderde en verbeterde kouranten-tolk, of zakelyk, historisch- en staatkundig woordenboek
=260  \\$aLeiden$bLuchtmans$c1748
=300  \\$a[vi]-1260 pages$bengraved frontispiece, titlepage printed in red and black
=500  \\$aA Dutch translation of the first German 'Konversations-Lexicon', that was actually not by Johann Hubner, as the title page suggest. Johann Hubner only wrote the Preface. The actual author seems to be Philipp Balthasar Sinold von Schütz.
=500  \\$aJohann Hübner was a geographer and scholar.
=500  \\$aThe 'Kouranten-tolk' is a dictionary covering a wide range of subjects: geographical, historal and practical. 
=500  \\$aIn a similar binding as the 'Algemeen Kunstwoordenboek', which is the second volume of this dictionary. 
=534  \\$aReales Staats- und Zeitungs-LEXICON$cLeipzig: Gleditsch, 1704
=561  \\$aEx libris Friesch Genootschap (stamp on tp)
=561  \\$aEx libris Mr. J. Dirks (embossed on flyleaf)
=590  \\$aWaar in zo wel van den lateren als tot den tegenwoordigen tyd de verscheide godsdiensten en geestelyke ordens; de Landen, Koninkryken, Republyken, Staaten, Steden, vestingen, Kastelen en Passen; ...Civile en Militaire Bedieningen te Water en te Land; Benevens het Onderscheid der Mylen, des Munten, Maten en gewichten ..., als mede ook de onbekende kunst-woorden, die dagelyks in de menschelyke t'zamenleving gehoort, ook voornamentlyk in alle nieuws papieren en historiën gevonden, en, uit vreemde talen ontleent zynde, benevens de rechts-termen, tot zonderling nut voor geleerden en ongeleerden, klaar en duidelyk beschreven worden. In 't Hoogduytsch uitgegeven door den Heere Johan Hubner, rector van St. Johannes School te Hamburg. Zynde in dezen Nederduitschen druk de verandering van zaaken, en verwisseling van alle Staaten, inzonderheit ook van de Vereenigde Nederlanden naauwkeurig waargenomen
=648  \0$a18th Century (1701-1800)$1http://www.wikidata.org/entity/Q7015$920899
=650  \0$aDictionary$1http://www.wikidata.org/entity/Q23622$921580
=650  \0$aGeography$1http://www.wikidata.org/entity/Q1071$921798
=651  \0$1http://www.wikidata.org/entity/Q183$aGermany$9155
=651  \0$1http://www.wikidata.org/entity/Q55$aNetherlands$9173
=700  \\$1http://www.wikidata.org/entity/Q17130894$4edt$aSinold von Schütz, Philipp Balthasar$d1657-1742$96734
=765  \\$aNeu-vermehrtes und verbessertes reales Staats- Zeitungs- und Conversations Lexicon
=856  \\$uhttps://books.google.be/books?id=NfBWAAAAcAAJ$3Google Books
=942  \\$cBOO
=952  \\$00$10$2ddc$40$6KTS_1_000000000000000_C3_06_04K02$70$8RAR$9926$aORPH$bORPH$cKTS1_C3$d2020-07-08$eKoopman$l0$oKTS1 C3.06 04K02$p20145132$r2021-01-12 00:00:00$w2021-01-12$yBOO
=999  \\$d926

