=LDR  02343aam a2200289   4500
=001  927
=008  220923s1734\\\\||||||||\d|||\00|\0\dut\d
=041  \\$adut$hger
=100  \\$aHübner, Johann$d1668-1731$4aut$1http://www.wikidata.org/entity/Q89840$95601
=245  \\$aAlgemeen kunstwoordenboek der wetenschappen$bdienende tot een tweede deel van de Staats- en Koeranten Tolk
=260  \\$aLeiden$bHaak$bLuchtmans$c1734
=300  \\$a[xii]-919 pages$bengraved frontispiece, title page in red and black
=500  \\$aServes as second volume or continuation of the Dictionary called the 'Kouranten-Tolk'. This volume focuses more on natural and scientific subjects, as well as the arts. This volume seems not translated from German, as was the first, but compiled in Dutch.
=500  \\$aTitle as on first page of the dictionary: "Natuur- Kunst- Berg- Handwerks- en Koophandels-Woordenboek der geleerde en ongeleerde wereld".
=561  \\$aEx libris Friesch Genootschap (stamp on tp)
=561  \\$aEx libris Mr. J. Dirks (embossed on flyleaf)
=590  \\$aWaar in de eige Benaamingen van al het geene in het gansche Ryk der Natuur gevonden word, nevens die van allerlei Kunsten, Wetenschappen, Staats- en Oorlogs-kundige Zaken, Ridderlyke Oeffeningen, Ambachten, enz. verklaart worden. Dienende tot een tweede deel van de staats- en koeranten tolk. In het Hoogduitsch ten zesden maale uitgegeeven; en met een Voorrede verzelt door den Heere Johannes Hubner, En uit verscheide andere Autheuren en Talen verzamelt en vermeerder door Arn. Henr. Westerhovius, V.D.M. Gymn. Goud. Rector
=648  \0$a18th Century (1701-1800)$1http://www.wikidata.org/entity/Q7015$920899
=650  \0$aDictionary$1http://www.wikidata.org/entity/Q23622$921580
=650  \0$aEncyclopedia$1http://www.wikidata.org/entity/Q5292$92184
=650  \0$aScience$1http://www.wikidata.org/entity/Q7991$921650
=651  \0$1http://www.wikidata.org/entity/Q55$aNetherlands$9173
=700  \\$4aut$4edt$aWesterhoff, Arnoldus Henricus$d1677-1738$1http://www.wikidata.org/entity/Q4376860$97893
=856  \\$uhttps://books.google.be/books?id=Ejd5-pWlhB0C$3Google Books
=942  \\$cBOO
=952  \\$00$10$2ddc$40$6KTS_1_000000000000000_C3_06_04K03$70$8RAR$9927$aORPH$bORPH$cKTS1_C3$d2020-07-08$eKoopman$l0$oKTS1 C3.06 04K03$p20145133$r2021-01-12 00:00:00$w2021-01-12$yBOO
=999  \\$d927

