=LDR  06073    a2201105   4500
=001  928
=008  230417i18961900|||br|||\||||\00|\0\ger\d
=041  \\$ager
=100  \\$aNagel, Willibald$4edt$95603
=245  \\$aNeue Musik-Zeitung$nvols. 17-21
=260  \\$aStuttgart$bGrüniger$c1896-1900
=300  \\$a300-292-vii-[215]-vii-320-304 pages$billustrations, music examples
=500  \\$aThe illustrated 'Neue Musik-Zeitung' appeared from 1880 until 1928.
=500  \\$aCollection of publications from 1896-1900; every year is complete except for 1898 which starts from page 89.
=648  \0$1http://www.wikidata.org/entity/Q6955$a19th Century (1801-1900)$920935
=650  \0$aMusic criticism$1http://www.wikidata.org/entity/Q11748889$921598
=650  \0$aPeriodical$1http://www.wikidata.org/entity/Q1002697$921106
=651  \0$1http://www.wikidata.org/entity/Q183$aGermany$9155
=653  \0$aalt_vrouwen-$388$020145135$w04K04_1897$928623
=653  \0$aapplaus$313$020145135$w04K04_1900$928735
=653  \0$aArtaria$3275$020145135$w04K04_1897$928808
=653  \0$aBach, J.S.$360, 150, 240, 241$020145135$w04K04_1896$928929
=653  \0$aBach, J.S.$3116$020145135$w04K04_1897$928929
=653  \0$aBach, J.S._als leraar$3167$020145135$w04K04_1900$928934
=653  \0$aBach, J.S._en Ohrdruf$3119$020145135$w04K04_1899$928956
=653  \0$aBach, J.S._en orgels$3150$020145135$w04K04_1896$928958
=653  \0$aBach, J.S._vioolmuziek$3216, 217$020145135$w04K04_1899$928981
=653  \0$abespeler van meer instrumenten$3212$020145135$w04K04_1896$929498
=653  \0$acalcantenstaking$3250$020145135$w04K04_1897$930127
=653  \0$aCavaillé-Coll$3250$020145135$w04K04_1897$930324
=653  \0$aCesti, M.A.$3169$020145135$w04K04_1898$930380
=653  \0$acomponiste$3110, 146$020145135$w04K04_1896$930632
=653  \0$acomponiste$331$020145135$w04K04_1899$930632
=653  \0$aorgelbc$3102$020145135$w04K04_1896$935537
=653  \0$aoude muziek vroeger$3116, 212, 218, 221$020145135$w04K04_1897$935658
=653  \0$aoude muziek vroeger / nu$321, 22, 72, 110, 137, 138, 161, 286$020145135$w04K04_1896$935659
=653  \0$adiminuties$3158$020145135$w04K04_1900$931087
=653  \0$adirigent$3250$020145135$w04K04_1897$931092
=653  \0$adirigent$3237$020145135$w04K04_1898$931092
=653  \0$aDittersdorf$3264, 299$020145135$w04K04_1899$931118
=653  \0$adoedelzak$3265, 266$020145135$w04K04_1899$931125
=653  \0$aemoties$3146$020145135$w04K04_1896$931445
=653  \0$aemoties$3237$020145135$w04K04_1899$931445
=653  \0$aFroberger, J.J.$3168$020145135$w04K04_1898$931933
=653  \0$agamba$355$020145135$w04K04_1900$931995
=653  \0$aTelemann, G.P.$353$020145135$w04K04_1899$936796
=653  \0$atempo$3126$020145135$w04K04_1896$936814
=653  \0$aGluck$335$020145135$w04K04_1896$932235
=653  \0$atoonaardkarakteristiek$3114$020145135$w04K04_1897$937025
=653  \0$atranspositieklavier$3207$020145135$w04K04_1896$937076
=653  \0$aHändel, G.F.$382, 83$020145135$w04K04_1899$932536
=653  \0$auit het hoofd spelen$3298, 299$020145135$w04K04_1896$937281
=653  \0$auit het hoofd spelen$3105, 106$020145135$w04K04_1900$937281
=653  \0$aHaydn, J.$3140, 179, 180, 292$020145135$w04K04_1899$932639
=653  \0$aHaydn, M.$3149$020145135$w04K04_1896$932645
=653  \0$avingerzetting$3205$020145135$w04K04_1896$937568
=653  \0$aviola d'amore$383$020145135$w04K04_1899$937580
=653  \0$aviool$3112, 116$020145135$w04K04_1897$937605
=653  \0$aimpresario$3181$020145135$w04K04_1897$933058
=653  \0$awonderkind$395, 230$020145135$w04K04_1898$938047
=653  \0$awonderkind$353, 72, 128$020145135$w04K04_1899$938047
=653  \0$azangeres in kerk$3210$020145135$w04K04_1896$938090
=653  \0$aklavecimbel_19e eeuw$3138$020145135$w04K04_1896$933473
=653  \0$aklavecimbel_19e eeuw$3218$020145135$w04K04_1897$933473
=653  \0$aklavecimbel_19e eeuw$36, 83$020145135$w04K04_1899$933473
=653  \0$aklavecimbel_19e eeuw$331, 158$020145135$w04K04_1900$933473
=653  \0$akritieken in dagbladen$393, 162$020145135$w04K04_1896$933766
=653  \0$aLasso, O. di $3249$020145135$w04K04_1897$933916
=653  \0$aSaint-Saens, C.$3218$020145135$w04K04_1897$938692
=653  \0$asalaris$372, 91, 138, 210, 223$020145135$w04K04_1896$938697
=653  \0$aluit$3210$020145135$w04K04_1896$934262
=653  \0$aMuffat, G.$3168$020145135$w04K04_1898$934941
=653  \\$aAmati, N.$3145$928646$020145135$w04K04_1900
=653  \\$aAmsterdams vocaalkwartet$369, 181$928676$020145135$w04K04_1897
=653  \\$aBach, J.S._gedenktekens$360$928960$020145135$w04K04_1896
=653  \\$abariton$388, 98, 99$929085$020145135$w04K04_1897
=653  \\$aBrahms, J.$3101, 102$929877$020145135$w04K04_1897
=653  \\$aBruckner, A.$3260, 267, 268, 282$929971$020145135$w04K04_1896
=653  \\$aEsterhazy, fam. $3153$931533$020145135$w04K04_1897
=653  \\$aFrederik de Grote$343, 44$910951$020145135$w04K04_1899
=653  \\$akabinetorgel$3297$933284$020145135$w04K04_1896
=653  \\$aMaastrichter Staar$3191$934320$020145135$w04K04_1897
=653  \\$aMara, la$3179$934439$020145135$w04K04_1899
=653  \\$aMozart, W.A._gedenktekens$3122-124$934931$020145135$w04K04_1896
=653  \\$aNeue Bachgesellschaft$3111, 112$935203$020145135$w04K04_1900
=653  \\$aNoordewier, A.$369$935263$020145135$w04K04_1897
=653  \\$aregisters van de menselijke stem$3287, 288$938315$020145135$w04K04_1899
=653  \\$aSandberger, A.$31, 2$913774$020145135$w04K04_1896
=653  \\$aSenesino$336$923785$020145135$w04K04_1896
=653  \\$aStainer, J.$3182$936497$020145135$w04K04_1898
=653  \\$atoegangsprijs$369$936970$020145135$w04K04_1900
=856  4\$uhttps://de.wikisource.org/wiki/Neue_Musik-Zeitung
=942  \\$cPER
=952  \\$00$10$2ddc$40$6KTS_1_000000000000000_C3_06_04K04$70$8RAR$9928$aORPH$bORPH$cKTS1_C3$d2020-07-08$eKoopman$l0$oKTS1 C3.06 04K04$p20145135$r2021-01-12 00:00:00$w2021-01-12$yPER
=999  \\$d928

