=LDR  03791aam a2200673   4500
=001  929
=008  230222s1709\\\\|||g||||\||||\00|\0\fre\d
=041  \\$afre
=100  \\$aMontéclair, Michel Pignolet de$d1667-1737$4aut$1http://www.wikidata.org/entity/Q487175$95604
=245  \\$aNouvelle méthode pour apprendre la musique
=250  \\$a1st ed.
=260  \\$aParis$bMontéclair$bFoucault$c1709
=300  \\$a[vi]-64 pages
=500  \\$aMichel Pignolet de Monteclair had a solid reputation as a music teacher. Among his pupils were the daughters of his colleague François Couperin (to whom he dedicates this book).
=500  \\$aA beautiful and fully engraved edition. Most pages combine text and music, very delicately engraved with attention to graphic details. 
=590  \\$aPar des demonstrations faciles, suivies d'un grand nombre de Leçons à une et à deux Voix ... Dediée à Monsieur Couperin, Organiste de la Chapelle du Roy et Maître de Clavecin de Monseigneur Le Duc de Bourgogne, Par Mr. Monteclair de l'Academie Royale de Musique, et cy-devant Maître de la Musique de Monseigneur le Prince de Vaudémont en Italie.
=648  \0$a18th Century (1701-1800)$1http://www.wikidata.org/entity/Q7015$920899
=650  \0$aMethod$1http://www.wikidata.org/entity/Q2250960$921402
=650  \0$aMusic education$1http://www.wikidata.org/entity/Q27908$921766
=651  \0$aFrance$1http://www.wikidata.org/entity/Q142$9131
=653  \0$a(in)égal$315$020145139$w04K05$928345
=653  \0$aartikulatie$341-43$020145139$w04K05$928817
=653  \0$ablokfluit$347$020145139$w04K05$929645
=653  \0$aboekprijs$3tp, bladzijde na tp$020145139$w04K05$929701
=653  \0$abourrée$335$020145139$w04K05$929844
=653  \0$achaconne$337$020145139$w04K05$930385
=653  \0$anotatieproblemen$334, 41$020145139$w04K05$935285
=653  \0$acoulé$314, 41$020145139$w04K05$930780
=653  \0$aCouperin, F.$3tp$020145139$w04K05$930793
=653  \0$adiminutie$314$020145139$w04K05$931086
=653  \0$adirigeren$311, 14-18$020145139$w04K05$931094
=653  \0$apassacaglia$337$020145139$w04K05$935786
=653  \0$apassepied$338$020145139$w04K05$935789
=653  \0$adynamiek$331$020145139$w04K05$931346
=653  \0$aport de voix$314, 41$020145139$w04K05$936088
=653  \0$aentrée$336$020145139$w04K05$931489
=653  \0$astreektechniek$343$020145139$w04K05$936623
=653  \0$agavotte$335$020145139$w04K05$932051
=653  \0$atempo$311, 14, 35, 36, 37, 38, 39, 40$020145139$w04K05$936814
=653  \0$agigue$339$020145139$w04K05$932187
=653  \0$atierce coulé$341$020145139$w04K05$936925
=653  \0$atriller$314$020145139$w04K05$937111
=653  \0$aversieringen$314, 41$020145139$w04K05$937484
=653  \0$aItaliaanse invloed in Frankrijk$3tp, i$020145139$w04K05$933147
=653  \0$arigaudon$335$020145139$w04K05$938449
=653  \0$asarabande$338, 40$020145139$w04K05$938753
=653  \0$aloure$339, 41$020145139$w04K05$934236
=653  \0$amartellement$314$020145139$w04K05$934491
=653  \0$amenuet$338$020145139$w04K05$934673
=653  \\$abalancement$314$929035$020145139$w04K05
=653  \\$abindbogen$341, 43$929579$020145139$w04K05
=653  \\$acanarie$339$930176$020145139$w04K05
=653  \\$akleine versiernootjes / voorslagen$341$933615$020145139$w04K05
=653  \\$atongstoten$343$937020$020145139$w04K05
=700  \\$aCouperin, François$d1668-1733$1http://www.wikidata.org/entity/Q50186$4dte$96241
=856  \\$uhttps://gallica.bnf.fr/view3if/ga/ark:/12148/btv1b10864711m/f2$3IIIF
=942  \\$cBOO
=952  \\$00$10$2ddc$40$6KTS_1_000000000000000_C3_06_04K05$70$8RAR$9929$aORPH$bORPH$cKTS1_C3$d2020-07-08$eKoopman$l0$oKTS1 C3.06 04K05$p20145139$r2021-01-12 00:00:00$w2021-01-12$yBOO
=999  \\$d929

