=LDR  02646aaa a2200301   4500
=001  930
=008  230417b\\\\\\\\|||af|||\e|||\00|\0\fre\d
=041  \\$afre
=245  \\$a[Planches Instruments de musique]$bPlates from the Encyclopédie: 'Instrumens de Musique' - 'Laminage du Plomb' - 'Lavures de Cendres d'Orfevrerie' - 'Layetier' - 'Lunetier'-  'Luthier'
=260  \\$as.l.$bBriasson; David; Le Breton$c1786?
=300  \\$a[17+12+1+2+4+21] plates$bcontains a selection of plates from a quarto edition of the Encyclopedie. Plates on single and double pages, no text.
=500  \\$aFrom the Encyclopédie (Diderot / D'Alembert) : Recueil de planches, sur les sciences et les arts
=500  \\$a17 plates on musical instruments depict various kinds of instruments sorted in categories: strings, winds, keyboards, ancient, hebrew, etc. 
=500  \\$a12 plates on 'Laminage du Plomb' depict the tools and workplace set up of plumbers, including cross section views of their machines.
=500  \\$a1 plate on Lavures de Cendres d'Orfevrerie (extracting silver and gold from mixed materials by melting); 
2 plates on tools and products of a 'Layetier' (wooden box maker); 
4 plates on the 'Lunetier' (lens maker).
=500  \\$a21 plates on the products and tools of a 'Luthier': the 'harpe organisée' and its pedals, various parts of the organ, tools for making string instruments, winds instruments, and harpsichords.
=500  \\$aAll plates have the signature: "Benard direxit".
Wikipedia: "The signature "Benard fecit" on plates probably indicates the work of his own hand; the signatures "Benard Direx" and "Benard Direxit" indicate the work of the atelier of engravers he directed for many years."
=500  \\$aBenard supplied about 1800 plates to the Encyclopedia by Diderot & D'Alembert. He died in 1777 so these plates (probably from the 1786 edition) are from his studio or atelier. 
=648  \0$1http://www.wikidata.org/entity/Q7015$a18th Century (1701-1800)$920899
=650  \0$aOrganology$1http://www.wikidata.org/entity/Q899293$921400
=650  \0$aEncyclopedia$1http://www.wikidata.org/entity/Q5292$92184
=651  \0$1http://www.wikidata.org/entity/Q142$aFrance$9131
=700  \\$1http://www.wikidata.org/entity/Q153232$4edt$ad'Alembert, Jean Le Rond$d1717-1783$94826
=700  \\$1http://www.wikidata.org/entity/Q448$4edt$aDiderot, Denis$d1713-1784$914909
=700  \\$4ill$926066$aBenard, Robert$d1734-1777
=942  \\$cBOO
=952  \\$00$10$2ddc$40$6KTS_1_000000000000000_C3_06_04K06$70$8RAR$9930$aORPH$bORPH$cKTS1_C3$d2020-07-08$eKoopman$l0$oKTS1 C3.06 04K06$p20145138$r2021-01-12 00:00:00$w2021-01-12$yBOO
=999  \\$d930

