=LDR  02201aam a2200289   4500
=001  931
=008  210514s1775\\\\\\\gc|||\||||\00|\0\ita\d
=041  \\$aita
=100  \\$aManfredini, Vincenzo$d1737-1799$4aut$1http://www.wikidata.org/entity/Q928954$95605
=245  \\$aRegole armoniche
=260  \\$aVenice$bZerletti$c1775
=300  \\$a[xii]-78-[iv]-[xvi] pages $bengraved portrait of Paul Petrovicz as frontispiece, 4 fold out pages with music in the text and 16 fold out pages with music in the back 
=500  \\$aVincenzo Manfredini followed his brother to St. Petersburg, where he became maestro di cappella at court. He was harpsichord teacher of Pavel Petrovich (son of Catherine the Great), heir to the Russian throne. This volume is dedicated to his former pupil. 
=500  \\$aThe first part of this book is about music in general, the second part is about keyboard accompaniment or continuo playing.
=500  \\$aContains a portrait of Pavel Petrovich (as a young man or teenager) by Antonio Baratti.
=561  \\$aEx libris Eda F. Jackson
=590  \\$ao sieno precetti ragionati per apprendere i principj della musica, il portamento della mano, e l'accompagnamento del basso sopra gli strumenti da tasto, come l'organo, il cembalo ec : dedicate a Sua Altezza Imperiale Paul Petrovicz Gran Duca di tutte le Russie ec. ec. ec. da Vincenzo Manfredini, gia Maestro di Cappella di S.M.I. Caterina II, felicemente regnante
=648  \0$a18th Century (1701-1800)$1http://www.wikidata.org/entity/Q7015$920899
=650  \0$aMethod$1http://www.wikidata.org/entity/Q2250960$921402
=650  \0$aMusic education$1http://www.wikidata.org/entity/Q27908$921766
=650  \0$aHarmony$1http://www.wikidata.org/entity/Q184421$92358
=650  \0$aBasso continuo$1https://www.wikidata.org/wiki/Q724321$1http://www.wikidata.org/entity/Q724321$921065
=651  \0$aRussia$1http://www.wikidata.org/entity/Q159$921008
=856  \\$uhttps://books.google.be/books?id=TbAiiKmqv1wC$3Google Books
=942  \\$cBOO
=952  \\$00$10$2ddc$40$6KTS_1_000000000000000_C3_06_04K07$70$8RAR$9931$aORPH$bORPH$cKTS1_C3$d2020-07-08$eKoopman$l0$oKTS1 C3.06 04K07$p20145137$r2021-01-12 00:00:00$w2021-01-12$yBOO
=999  \\$d931

