=LDR  02103aam a2200277   4500
=001  932
=008  211020s1829\\\\\\\g||||\||||\00|\0\mul\d
=041  \\$adut$ager$afre
=245  \\$aVerhandelingen over de vraag: Welke verdiensten hebben zich de Nederlanders vooral in de 14e, 15e en 16e eeuw in het vak der toonkunst verworven
=260  \\$aAmsterdam$bMuller$c1829
=300  \\$a120-73-58 pages
=500  \\$aTwo essays on the question: "What merits did the Dutch acquire in music, especially in the 14th, 15th and 16th centuries?" The contest was launched in 1824 by the Koninklijk Nederlandsch Instituut van Wetenschappen, Letterkunde en Schoone Kunsten, but it was only upon relaunch, in 1824, that it was won by Kiesewetter (gold medal) and Fétis (silver medal). See Jolande van der Klis, 'Oude muziek in Nederland' (Utrecht, 1991), pp. 26-27.
=500  \\$aRaphael Georg Kiesewetter (1773-1850) was an Austrian music historian who played a substantial role in the rediscovery of early music and whose collection of scores is now held at the Österreichische Nationalbibliothek
=648  \0$aMiddle Ages (500-1400)$1http://www.wikidata.org/entity/Q12554$920964
=648  \0$a15th Century (1401-1500)$1http://www.wikidata.org/entity/Q7018$921015
=648  \0$a16th Century (1501-1600)$1http://www.wikidata.org/entity/Q7017$920944
=650  \0$aEarly music$1http://www.wikidata.org/entity/Q436016$93160
=650  \0$aMusic history$1http://www.wikidata.org/entity/Q846047$921373
=651  \0$aBelgium$1http://www.wikidata.org/entity/Q31$920881
=651  \0$aNetherlands$1http://www.wikidata.org/entity/Q55$9173
=700  \\$4aut$aKiesewetter, Raphael Georg$d1773-1850$1http://www.wikidata.org/entity/Q327684$94777
=700  \\$4aut$aFétis, François-Joseph$d1784-1871$1http://www.wikidata.org/entity/Q523581$95045
=856  \\$uhttps://books.google.be/books?id=tts9AAAAcAAJ$3Google Books
=942  \\$cBOO
=952  \\$00$10$2ddc$40$6KTS_1_000000000000000_C3_06_04K08$70$8RAR$9932$aORPH$bORPH$cKTS1_C3$d2020-07-08$eKoopman$oKTS1 C3.06 04K08$p20145140$r2021-01-12 00:00:00$w2021-01-12$yBOO
=999  \\$d932

