=LDR  01174aam a2200241   4500
=001  933
=008  230417r17271713||||||||\||||\00|\0\fre\d
=041  \\$afre
=100  \\$aDaniel, Gabriel$4aut$95606
=245  \\$aAbregé de l'histoire de France depuis l'établissement de la monarchie française dans les Gaules$nvol. 4
=260  \\$aParis$bs.n.$c1727
=300  \\$a499-[21] pages$bbrown leather binding
=500  \\$aGabriel Daniel (1649-1728) was a Jesuit historian
=534  \\$aOriginally published in 1713
=590  \\$a... Qui comprend les Regnes depuis l'an 1483 jusqu'en 1559
=648  \0$1http://www.wikidata.org/entity/Q7018$a15th Century (1401-1500)$921015
=648  \0$1http://www.wikidata.org/entity/Q7017$a16th Century (1501-1600)$920944
=648  \0$1http://www.wikidata.org/entity/Q7015$a18th Century (1701-1800)$920899
=650  \0$aHistory$1http://www.wikidata.org/entity/Q309$921403
=651  \0$1http://www.wikidata.org/entity/Q142$aFrance$9131
=942  \\$cBOO
=952  \\$00$10$2ddc$40$6KTS_1_000000000000000_C3_06_04K09$70$8RAR$9933$aORPH$bORPH$cKTS1_C3$d2020-07-08$eKoopman$l0$oKTS1 C3.06 04K09$p20145136$r2021-01-12 00:00:00$w2021-01-12$yBOO
=999  \\$d933

