=LDR  01478aam a2200289   4500
=001  934
=005  20250923161048.0
=008  211118s1766\\\\\\\afg||\||||\00|\0\dut\d
=041  \\$adut$hger
=059  \\$avn
=100  \\$aMozart, Leopold$d1719-1787$4aut$1http://www.wikidata.org/entity/Q156280$912887
=245  \\$aGrondig onderwijs in het behandelen der viool
=260  \\$aHaarlem$bEnschedé$c1766
=300  \\$a[xviii]-259 pages$bengraved frontispiece, music examples, 1 folded page and 1 loose sheet inserted
=500  \\$aIn a letter to Hagenauer dated 16 May 1766, Leopold Mozart called this edition more beautiful than the original (see 09I06 for the 3rd ed., 15A16 for the 4th, and 01H04 for a later ed.)
=500  \\$aCited in Koopman 1985, pages 12-13, 106 and Koopman 2008, p. 6
=500  \\$aContains plate of the publisher
=534  \\$aOriginally published in 1756
=648  \0$a18th Century (1701-1800)$1http://www.wikidata.org/entity/Q7015$920899
=650  \0$aMethod$1http://www.wikidata.org/entity/Q2250960$921402
=650  \0$aViolin$1http://www.wikidata.org/entity/Q8355$92783
=651  \0$aAustria$1http://www.wikidata.org/entity/Q40$9202
=765  \\$aVersuch einer gründlichen Violinschule
=942  \\$cBOO
=952  \\$00$10$2ddc$40$6KTS_1_000000000000000_C3_06_04K10$70$8RAR$9934$aORPH$bORPH$cKTS1_C3$d2020-07-08$eKoopman$l0$oKTS1 C3.06 04K10$p20145142$r2021-01-12 00:00:00$w2021-01-12$yBOO
=999  \\$d934
=533  \\$aDigitized by iGuana, Spring 2025.

