=LDR  01376aam a2200241   4500
=001  935
=008  230417s1767\\\\|||afg||\||||\00|\0\fre\d
=041  \\$afre
=100  \\$aBlainville, Charles Henri de$d1710-1777$4aut$1http://www.wikidata.org/entity/Q1063402$95607
=245  \\$aHistoire générale, critique et philologique de la musique
=250  \\$a1st ed.
=260  \\$aParis$bPissot$c1767
=300  \\$axi-[i]-189-[3] pages$bengraved frontispiece, 60 plates of music examples and illustrations, brown leather binding, marbled edges
=500  \\$aCharles-Henri de Blainville (1711–1769 [or after 1771]) was a French composer, cellist, pedagogue and music theorist.
=648  \0$1http://www.wikidata.org/entity/Q7015$a18th Century (1701-1800)$920899
=650  \0$aMusic history$1http://www.wikidata.org/entity/Q846047$921373
=650  \0$aMusic criticism$1https://www.wikidata.org/wiki/Q11748889$1http://www.wikidata.org/entity/Q11748889$921598
=650  \0$aOrganology$1http://www.wikidata.org/entity/Q899293$921400
=651  \0$1http://www.wikidata.org/entity/Q142$aFrance$9131
=856  \\$uhttps://gallica.bnf.fr/view3if/ga/ark:/12148/bpt6k1042633b/f8$3IIIF
=942  \\$cBOO
=952  \\$00$10$2ddc$40$6KTS_1_000000000000000_C3_06_04K11$70$8RAR$9935$aORPH$bORPH$cKTS1_C3$d2020-07-08$eKoopman$l0$oKTS1 C3.06 04K11$p20145141$r2021-01-12 00:00:00$w2021-01-12$yBOO
=999  \\$d935

