=LDR  01998aam a2200301   4500
=001  936
=008  230417s1799\\\\|||\||||\d|||\00|\0\dut\d
=041  \\$alat$adut
=100  \\$aScheller, Immanuel Johann Gerhard$d1735-1803$4aut$1http://www.wikidata.org/entity/Q89238$95608
=245  \\$aLexicon latino-belgicum auctorum classicorum $nvols. 1-2/2
=260  \\$aLeiden$aAmsterdam$aThe Hague$bLuchtmans$bHengst$bHonkoop$bCleef$c1799
=300  \\$a2 vols (xiv-862+897 pages)$bleather backs
=500  \\$aScheller was a German classical philologist. His most important work is a latin - german dictionary, first published in two volumes in 1783 which he later extended. 
=500  \\$aDavid Ruhnken was librarian of the Leiden University Library from 1774 to 1798. 
=500  \\$aVol. I : A-M, Vol II: N-Z
=500  \\$aA Latin - Dutch dictionary with many references to classical texts. 
=648  \0$1http://www.wikidata.org/entity/Q486761$aClassical Antiquity (8th Century BC-6th Century AD)$921435
=648  \0$1http://www.wikidata.org/entity/Q7015$a18th Century (1701-1800)$920899
=650  \0$aBibliography$1http://www.wikidata.org/entity/Q134995$93965
=650  \0$aDictionary$1http://www.wikidata.org/entity/Q23622$921580
=651  \0$1http://www.wikidata.org/entity/Q55$aNetherlands$9173
=700  \\$1http://www.wikidata.org/entity/Q67222$4edt$aRuhnkenius, David$d1723-1798$95609
=856  \\$uhttps://books.google.be/books?id=fCkCO_SwXPoC&pg=PP3#v=onepage&q&f=false$3vol. 1
=856  \\$uhttps://books.google.be/books?id=pmI4SSvN7e8C&pg=PP11#v=onepage&q&f=false$3vol. 2
=942  \\$cBOO
=952  \\$00$10$2ddc$3vol. 1$40$6KTS_1_000000000000000_C3_06_04K12$70$8RAR$9936$aORPH$bORPH$cKTS1_C3$d2020-07-08$eKoopman$l0$oKTS1 C3.06 04K12$p20145143$r2021-01-12 00:00:00$w2021-01-12$yBOO
=952  \\$00$10$2ddc$3vol. 2$40$6KTS_1_000000000000000_C3_06_04K13$70$8RAR$922639$aORPH$bORPH$cKTS1_C3$d2020-07-08$eKoopman$l0$oKTS1 C3.06 04K13$p20145144$r2023-04-17 00:00:00$w2021-01-12$yBOO
=999  \\$d936

