=LDR  02190    a2200301   4500
=001  939
=008  210601s1796\\\\\\\|||||\||||\00|\d\dut\d
=041  \\$adut
=245  \\$aDe Spanjaarden in Peru of de Dood van Rolla; Aballino, de Groote Bandiet; Liefde en Vaderland
=260  \\$aAmsterdam$bDóll$c1796
=300  \\$a184-211-54 pages$billustrations
=336  \\$abook
=336  \\$aprinted
=490  \\$aZedelijk schouwtoneel der menschelijke hartstochten en daaden of Toneelstukken van Vernuft en Smaak$v1/16
=500  \\$aEach play is preceded by an etching showing a specific scene from the play.
=534  \\$aKotzebue's "Die Spanier in Peru, oder Rolla's Tod" was originally published in 1796. The Dutch translation premiered that very year in Amsterdam; Zschokke dramatized his novel  "Abällino, der grosse Bandit" (1793) in 1795. Its Dutch translation premiered in Amsterdam in 1796; "Liebe und Vaterland" by Ludwig Benedict Franz von Bilderbeck was first published in 1789. It's also know as "Erste Liebe" (1801).$ohttps://books.google.be/books?id=zNNqNJxynikC&printsec=frontcover&redir_esc=y#v=onepage&q&f=false
=610  \0$aStadsschouwburg Amsterdam (Netherlands)$1http://www.wikidata.org/entity/Q1817103$921020
=648  \0$a18th Century (1701-1800)$1http://www.wikidata.org/entity/Q7015$920899
=650  \0$aPlay (theater)$1http://www.wikidata.org/entity/Q25379$921414
=651  \0$aNetherlands$1http://www.wikidata.org/entity/Q55$9173
=700  \\$4aut$aKotzebue, August von$d1761-1819$95611
=700  \\$4aut$aZschokke, Johann Heinrich Daniel$d1771-1848$1http://www.wikidata.org/entity/Q66207$95612
=700  \\$4aut$aBilderbeck, Ludwig Benedict Franz von $d1766-1856$1http://www.wikidata.org/entity/Q23929910$921602
=765  \\$aDie Spanier in Peru, oder Rolla's Tod - Abällino, der grosse Bandit - Liebe und Vaterland
=856  \\$uhttps://books.google.be/books?id=8ehTAAAAcAAJ; https://books.google.be/books?id=sGqMZesLb04C$3Google Books
=942  \\$cBOO
=952  \\$00$10$2ddc$40$6KTS_1_000000000000000_C1_04_05A01$70$8RAR$9939$aORPH$bORPH$cKTS1_C1$d2020-07-08$eKoopman$i05A01$l0$oKTS1 C1.04 05A01$p20136490$r2021-01-12 00:00:00$w2021-01-12$yBOO
=999  \\$c939$d939

