=LDR  01665    a2200277   4500
=001  941
=008  210601s1798\\\\\\\|||||\||||\00|\d\dut\d
=041  \\$adut$hfre$hger
=245  \\$aRobert Maxwell, of De offerdood; De verzoening, of De broedertwist; Adriana, of Het familie geheim
=260  \\$aAmsterdam$bDóll$c1798
=300  \\$a94-165-91 pages$billustrations
=336  \\$abook
=336  \\$aprinted
=490  \\$aZedelijk schouwtoneel der menschelijke hartstochten en daaden of Toneelstukken van Vernuft en Smaak$v4/16
=500  \\$aEach play is preceded by an etching showing a specific scene from the play.


=534  \\$aKotzebue's "Der Opfer-Tod" and "Die Versöhnung" premiered both in 1798; "Adrienne, ou Le secret de famille" by Collot premiered in the Paris "Théatre Royal" on 19 April 1790
=648  \0$a18th Century (1701-1800)$1http://www.wikidata.org/entity/Q7015$920899
=650  \0$aPlay (theater)$1http://www.wikidata.org/entity/Q25379$921414
=651  \0$aNetherlands$1http://www.wikidata.org/entity/Q55$9173
=700  \\$4aut$aKotzebue, August von$d1761-1819$95611
=700  \\$4aut$aCollot D'Herbois, Jean-Marie$d1749-1796$1http://www.wikidata.org/entity/Q278020$95618
=765  \\$aDer Opfer-Tod - Die Versöhnung  - Adrienne, ou Le secret de famille
=856  \\$uhttps://books.google.be/books?id=26JZAAAAcAAJ; https://books.google.be/books?id=-AQUAAAAQAAJ; https://books.google.be/books?id=-qJZAAAAcAAJ$3Google Books
=942  \\$cBOO
=952  \\$00$10$2ddc$40$6KTS_1_000000000000000_C1_04_05A03$70$8RAR$9941$aORPH$bORPH$cKTS1_C1$d2020-07-08$eKoopman$l0$oKTS1 C1.04 05A03$p20136492$r2021-01-12 00:00:00$w2021-01-12$yBOO
=999  \\$c941$d941

