=LDR  01830    a2200301   4500
=001  942
=008  210601s1798\\\\\\\|||||\||||\00|\d\dut\d
=041  \\$adut
=245  \\$aWreedheid en grootmoedigheid - De weldaadige Zwitser - De gevolgen van een eenige leugen
=260  \\$aAmsterdam$bDóll$c1798
=300  \\$a130-128-148$billustrations
=336  \\$abook
=336  \\$aprinted
=490  \\$aZedelijk schouwtoneel der menschelijke hartstochten en daaden of Toneelstukken van Vernuft en Smaak$v5/16
=500  \\$aNo information found on the German original title and premiere of Ziegler's 'Wreedheid en grootmoedigheid' .
=500  \\$a"Le Suisse bienfaisant, ou le precepteur" is an anonymous play dating from 1788.
=500  \\$a "Die Folgen einer einzigen Lüge" by Christian Heinrich Spiess dates from 1792
=500  \\$aEach play is preceded by an etching showing a specific scene from the play.

=648  \0$a18th Century (1701-1800)$1http://www.wikidata.org/entity/Q7015$920899
=650  \0$aPlay (theater)$1http://www.wikidata.org/entity/Q25379$921414
=651  \0$aNetherlands$1http://www.wikidata.org/entity/Q55$9173
=700  \\$4aut$aZiegler, Friedrich Julius Wilhelm$d1759-1827$1http://www.wikidata.org/entity/Q89747$95620
=700  \\$4aut$aSpiess, Christian Heinrich$95621
=765  \\$a       - Le Suisse bienfaisant, ou le precepteur - Die Folgen einer einzigen Lüge
=856  \\$uhttps://books.google.be/books?id=HKNZAAAAcAAJ
https://books.google.be/books?id=CKNZAAAAcAAJ
https://books.google.be/books?id=K6NZAAAAcAAJ
https://books.google.be/books?id=WhRAAAAAcAAJ$3Google Books
=942  \\$cBOO
=952  \\$00$10$2ddc$40$6KTS_1_000000000000000_C1_04_05A04$70$8RAR$9942$aORPH$bORPH$cKTS1_C1$d2020-07-08$eKoopman$i05A04$l0$oKTS1 C1.04 05A04$p20136493$r2021-01-12 00:00:00$w2021-01-12$yBOO
=999  \\$c942$d942

