=LDR  01998    a2200325   4500
=001  946
=008  210603s1801\\\\\\\|||||\||||\00|\d\dut\d
=041  \\$adut
=245  \\$aDe eenigste boete; De lauwerkrans, of Het gezag der wetten; De bevrediging
=260  \\$aAmsterdam$bDóll$c1801
=300  \\$a120-181-111 pages$billustrations
=336  \\$abook
=336  \\$aprinted
=490  \\$aZedelijk schouwtoneel der menschelijke hartstochten en daaden of Toneelstukken van Vernuft en Smaak $v9/16
=500  \\$a"De eenigste boete", a sequel to Kotzebue's "Menschenhass und Reue" (1790), is an original dutch play by Scipion Henri Vernede.
=500  \\$a"Der Lorbeerkranz, oder Die Macht der Gesetze, ein Original-Schauspiel in 5 Aufzügen" by Friedrich Julius Wilhelm Ziegler, 1799.
=500  \\$a"Die Versöhnung: Ein Schauspiel in vier Aufzügen" by Andreas Josef von Guttenberg, 1800.
=500  \\$aEach play is preceded by an etching showing a specific scene from the play.
=648  \0$a18th Century (1701-1800)$1http://www.wikidata.org/entity/Q7015$920899
=648  \0$a19th Century (1801-1900)$1http://www.wikidata.org/entity/Q6955$920935
=650  \0$aPlay (theater)$1http://www.wikidata.org/entity/Q25379$921414
=651  \0$aNetherlands$1http://www.wikidata.org/entity/Q55$9173
=700  \\$4aut$aVernede, Scipion Henri$d1768-1840$95627
=700  \\$4aut$aZiegler, Friedrich Julius Wilhelm$d1759-1827$1http://www.wikidata.org/entity/Q89747$95620
=700  \\$4aut$aGuttenberg, Andreas Joseph von$d1770-1817$95629
=765  \\$aDer Lorbeerkranz, oder Die Macht der Gesetze; Die Versöhnung
=856  \\$uhttps://books.google.be/books?id=-qRZAAAAcAAJ; https://books.google.be/books?id=CKVZAAAAcAAJ; https://books.google.be/books?id=EaVZAAAAcAAJ$3Google Books
=942  \\$cBOO
=952  \\$00$10$2ddc$40$6KTS_1_000000000000000_C1_04_05A08$70$8RAR$9946$aORPH$bORPH$cKTS1_C1$d2020-07-08$eKoopman$i05A08$l0$oKTS1 C1.04 05A08$p20136524$r2021-01-12 00:00:00$w2021-01-12$yBOO
=999  \\$c946$d946

