=LDR  02690aam a2200325   4500
=001  948
=008  210603s1803\\\\\\\|||||\||||\00|\d\dut\d
=041  \\$adut
=245  \\$aBianca Kapello; De dichter en zyn huisgezin; De jonge filosoof, of De grilligheden van de fortuin
=260  \\$aAmsterdam$bDóll$c1803
=300  \\$a155-171-116 pages$billustrations
=490  \\$aZedelijk schouwtoneel der menschelijke hartstochten en daaden of Toneelstukken van Vernuft en Smaak$v11
=500  \\$aAt the end of the 18th century, Count Friedrich Julius Heinrich von Soden (1754-1831) had the building complex on the Schillerplatz in Bamberg converted into a theatre.  On 3 and 4 October 1802, the Bamberg Theatre was opened as the "Highly Princely Privileged Theatre at Bamberg by Imperial Count Julius von Soden and Theatre Director Gottlieb Daniel Quandt" (1762-1815). Julius von Soden, Prussian envoy, privy councillor, owner of Sassanfahrt Castle, theatre lover and poet, wrote the tragedy "Bianca Capella" for it.
=500  \\$aEach play is preceded by an etching showing a specific scene from the play.


=534  \\$a"Die Dichterfamilie : Ein Lustspiel in fünf Aufzügen" by Burchard (alias Max Roller) was first published in 1794; "La Bizarrerie de la fortune, ou Le Jeune philosophe, comedie en cinq actes, en prose" by J.-M. Loaisel-Treogate  was first performed in Paris at the Théâtre du Marais, 1793.
=648  \0$a19th Century (1801-1900)$1http://www.wikidata.org/entity/Q6955$920935
=650  \0$aPlay (theater)$1http://www.wikidata.org/entity/Q25379$921414
=650  \0$aIconography$1http://www.wikidata.org/entity/Q208145$921259
=651  \0$aParis (France)$1http://www.wikidata.org/entity/Q90$9160
=651  \0$aNetherlands$1http://www.wikidata.org/entity/Q55$9173
=700  \\$4aut$aSoden, Friedrich Julius Heinrich von$d1754-1831$1http://www.wikidata.org/entity/Q103911$95635
=700  \\$4aut$aBurchard, Friedrich Gottlieb Julius $d1767-1807$95636
=700  \\$4aut$aLoaisel de Tréogate, Joseph Marie$d1752-1812$1http://www.wikidata.org/entity/Q56062794$95637
=765  \\$aBianca Capella - Die Dichterfamilie - La bizarrerie de la fortune, ou Le jeune philosophe
=856  \\$uhttps://books.google.be/books?id=XKVZAAAAcAAJ$3Google Books (Bianca Kapello)
=856  \\$uhttps://books.google.be/books?id=Y6VZAAAAcAAJ$3Google Books (De dichter en zyn huisgezin)
=856  \\$uhttps://books.google.be/books?id=bKVZAAAAcAAJ$3Google Books (De jonge filosoof)
=942  \\$cBOO
=952  \\$00$10$2ddc$40$6KTS_1_000000000000000_C1_04_05A10$70$8RAR$9948$aORPH$bORPH$cKTS1_C1$d2020-07-08$eKoopman$l0$oKTS1 C1.04 05A10$p20136526$r2021-01-12 00:00:00$w2021-01-12$yBOO
=999  \\$d948

