=LDR  02480aam a2200349   4500
=001  949
=008  210603s1804\\\\\\\|||||\||||\00|\d\dut\d
=041  \\$adut
=245  \\$aClémence en Waldemar; De zelfbeheersching; Het vaderlyk erfdeel; De beuzelaar, of Waar blyft de tyd!
=260  \\$aAmsterdam$bDóll$c1804
=300  \\$a89-168-155-56 pages$billustrations
=490  \\$aZedelijk schouwtoneel der menschelijke hartstochten en daaden of Toneelstukken van Vernuft en Smaak $v12/16
=500  \\$a"Clémence et Waldémar, ou Le peintre par amour, comédie en 3 actes" by Pelletier-Volméranges was first published in 1803.
=500  \\$a"Selbstbeherrschung, ein Schauspiel in fünf Aufzügen" by Iffland was fist published in 1800.
=500  \\$aIffland's "Das Erbtheil des Vaters, ein Schauspiel in vier Aufzügen" , was first published in 1802
It was a sequel on a play by Sébastien Mercier's "La Brouette du Vinaigrier"  (Der Essighändler / De kruiwagen van den Azynverkooper) 1775.
=500  \\$a"Monsieur Musard, ou Comme le tems passe, comédie en un acte" by Picard premiered in Paris, Théâtre Louvois, 1803.
=500  \\$aSome plays are preceded by an etching showing a specific scene from the play.
=648  \0$a19th Century (1801-1900)$1http://www.wikidata.org/entity/Q6955$920935
=650  \0$aPlay (theater)$1http://www.wikidata.org/entity/Q25379$921414
=651  \0$aNetherlands$1http://www.wikidata.org/entity/Q55$9173
=700  \\$4aut$aPelletier de Volméranges, Benoît$dfl. 1804$95638
=700  \\$4aut$aIffland, August Wilhelm$d1759-1814$1http://www.wikidata.org/entity/Q215115$95630
=700  \\$4aut$aPicard, Louis-Benoît$d1769-1828$1http://www.wikidata.org/entity/Q347261$95556
=700  \\$4aut$aMercier, Louis-Sébastien$d1740-1814$1http://www.wikidata.org/entity/Q709670$921644
=765  \\$aClémence et Waldémar - Selbstbeherrschung - Das Erbtheil des Vater - Monsieur Musard, ou Comme le tems passe
=856  \\$uhttps://books.google.be/books?id=IKhZAAAAcAAJ$3Clémence en Waldemar
=856  \\$uhttps://books.google.be/books?id=SqhZAAAAcAAJ$3De zelfbeheersching
=856  \\$uhttps://books.google.be/books?id=aqhZAAAAcAAJ$3Het vaderlyk erfdeel
=856  \\$uhttps://books.google.be/books?id=aahZAAAAcAAJ$3De beuzelaar
=942  \\$cBOO
=952  \\$00$10$2ddc$40$6KTS_1_000000000000000_C1_04_05A11$70$8RAR$9949$aORPH$bORPH$cKTS1_C1$d2020-07-08$eKoopman$l0$oKTS1 C1.04 05A11$p20136527$r2021-01-12 00:00:00$w2021-01-12$yBOO
=999  \\$d949

