=LDR  02123    a2200349   4500
=001  950
=008  210603s1805\\\\\\\|||||\||||\00|\d\dut\d
=041  \\$adut
=245  \\$aHet vaderlyk huis - De vesting aan den Donau - De groote stad, of De landbewoners te Pary
=260  \\$aAmsterdam$bDóll$c1805
=300  \\$a152-100-124 pages$billustrations
=336  \\$abook
=336  \\$aprinted
=490  \\$aZedelijk schouwtoneel der menschelijke hartstochten en daaden of Toneelstukken van Vernuft en Smaak$v13/16
=500  \\$aHet Vaderlyk Huis is a (Dutch?) sequel on "Die Jäger, ein Sittengemälde in fünf Aufzügen" by Iffland, 1785.
=500  \\$a"La forteresse du Danube" by Pixérecourt was first published in 1805.
=500  \\$a"Les Provinciaux a Paris, Comedie En Quatre Actes Et En Prose" by Picard, 1801
=500  \\$aEach play is preceded by an etching showing a specific scene from the play.
=648  \0$a19th Century (1801-1900)$1http://www.wikidata.org/entity/Q6955$920935
=650  \0$aPlay (theater)$1http://www.wikidata.org/entity/Q25379$921414
=651  \0$aNetherlands$1http://www.wikidata.org/entity/Q55$9173
=700  \\$4aut$aIffland, August Wilhelm$d1759-1814$1http://www.wikidata.org/entity/Q215115$95630
=700  \\$4aut$aPixerécourt, René Charles Guilbert de$d1773-1844$1http://www.wikidata.org/entity/Q2002291$95631
=700  \\$4aut$aFallée, Bernard Anthoine$d1773-1847$1http://www.wikidata.org/entity/Q16069449$95640
=700  \\$4aut$aPicard, Louis-Benoît$d1769-1828$1http://www.wikidata.org/entity/Q347261$95556
=700  \\$4trl$aWitsen Geysbeek, P. G.$95641
=700  \\$4trl$aEngelman, Martinus Gerardus$95647
=765  \\$aLa forteresse du Danube - Les provinciaux à Paris - 
=856  \\$uhttps://books.google.be/books?id=iKhZAAAAcAAJ; https://books.google.be/books?id=iahZAAAAcAAJ; https://books.google.be/books?id=nKhZAAAAcAAJ$3Google Books
=942  \\$cBOO
=952  \\$00$10$2ddc$40$6KTS_1_000000000000000_C1_04_05A12$70$8RAR$9950$aORPH$bORPH$cKTS1_C1$d2020-07-08$eKoopman$i05A12$l0$oKTS1 C1.04 05A12$p20136528$r2021-01-12 00:00:00$w2021-01-12$yBOO
=999  \\$c950$d950

