=LDR  02544    a2200397   4500
=001  952
=008  210604s1807\\\\\\\|||||\||||\00|\d\dut\d
=041  \\$adut
=245  \\$aBalboa - De school voor de vrienden - Hekingborn - Salomons eerste gericht -  De duivelsbrug
=260  \\$aAmsterdam$bDóll$c1807
=300  \\$a99-128-95-86-60 pages$billustrations
=336  \\$abook
=336  \\$aprinted
=490  \\$aZedelijk schouwtoneel der menschelijke hartstochten en daaden of Toneelstukken van Vernuft en Smaak$v15/16
=500  \\$a'Balboa, ein Trauerspiel in fünf Aufzügen'  by Heinrich von Collin was first printed in 1806.
=500  \\$aThe comedy 'The School for Friends' by  Miss Marianne Chambers was first performed at Drury Lane Theatre London on 10 December 1805.
=500  \\$a'Hekingborn, ein Lustspiel in fünf Aufzügen' by Heiberg dates from 1794
=500  \\$a'Le jugement de Salomon' a melodrama by Hapdé premiered in 1802
=500  \\$a'Le pont diable' by Caigniez dates from 1806
=500  \\$aEach play is preceded by an etching showing a specific scene from the play.
=648  \0$a19th Century (1801-1900)$1http://www.wikidata.org/entity/Q6955$920935
=650  \0$aPlay (theater)$1http://www.wikidata.org/entity/Q25379$921414
=651  \0$aNetherlands$1http://www.wikidata.org/entity/Q55$9173
=700  \\$4aut$aCollin, Heinrich Joseph von$d1771-1811$1http://www.wikidata.org/entity/Q84824$95651
=700  \\$4aut$aChambers, Marianne$dfl. 1799-1811$1http://www.wikidata.org/entity/Q55381444$95652
=700  \\$4aut$aHeiberg, Peter Andreas$d1758-1841$1http://www.wikidata.org/entity/Q925307$921652
=700  \\$4aut$aHapdé, Jean-Baptiste Augustin$d1777-1839$1http://www.wikidata.org/entity/Q53718439$95653
=700  \\$4aut
=700  \\$4aut$aCaigniez, Louis-Charles$d1762-1842$1http://www.wikidata.org/entity/Q462670$95644
=700  \\$4trl$aEngelman, Martinus Gerardus$95647
=700  \\$4trl$aQuack, Jan de$95655
=700  \\$4trl$aFokke Simonsz, Arend$d1755-1812$1http://www.wikidata.org/entity/Q3136323$97868
=856  \\$uhttps://books.google.be/books?id=DKlZAAAAcAAJ; https://books.google.be/books?id=QKlZAAAAcAAJ; https://books.google.be/books?id=TqlZAAAAcAAJ; https://books.google.be/books?id=NqlZAAAAcAAJ; https://books.google.be/books?id=WKlZAAAAcAAJ$3Google Books
=942  \\$cBOO
=952  \\$00$10$2ddc$40$6KTS_1_000000000000000_C1_04_05A14$70$8RAR$9952$aORPH$bORPH$cKTS1_C1$d2020-07-08$eKoopman$i05A14$l0$oKTS1 C1.04 05A14$p20136533$r2021-01-12 00:00:00$w2021-01-12$yBOO
=999  \\$c952$d952

