=LDR  01376aam a2200217   4500
=001  958
=008  210603s1742\\\\\\\|||||\||||\00|\0\ita\d
=041  \\$aita$heng
=100  \\$aSalmon, Thomas$d1679-1767$4aut$1http://www.wikidata.org/entity/Q15994727$95662
=245  \\$aLo stato presente di tutti i paesi e popoli del mondo naturale, politico, e morale$nvol. 11
=260  \\$aVenice$bAlbruzzi$c1742
=300  \\$a[xi]-431 pages$billustrations, folded sheets
=500  \\$aThis Salmon's his major work, and it was abridged, continued, and published under various fictitious names. A Dutch translation, in forty-four parts, appeared at Amsterdam, 1729-1820, and an Italian translation in twenty-three volumes, at Venice, 1740-61.
=534  \\$aModern History, or the Present State of all Nations … illustrated with Cuts and Maps … by Herman Moll, 3 vols.$cLondon: Moll, 1739
=648  \0$a18th Century (1701-1800)$1http://www.wikidata.org/entity/Q7015$920899
=650  \0$aHistory$1http://www.wikidata.org/entity/Q309$921403
=765  \\$aModern History, or the Present State of all Nations …
=856  \\$uhttps://books.google.be/books?id=3owKacyE5T8C$3Google Books
=942  \\$cBOO
=952  \\$00$10$2ddc$40$6KTS_1_000000000000000_C1_01_05A20$70$8RAR$9958$aORPH$bORPH$cKTS1_C1$d2020-07-08$eKoopman$l0$oKTS1 C1.01 05A20$p20136525$r2021-01-12 00:00:00$w2021-01-12$yBOO
=999  \\$d958

