=LDR  04168aam a2200817   4500
=001  962
=005  20251103155644.0
=008  210526s1681\\\\\\\|||||\||||\00|\0\fre\d
=041  \\$afre
=100  \\$aMénestrier, Claude-François$d1631-1705$4aut$1http://www.wikidata.org/entity/Q687932$95665
=245  \\$aDes représentations en musique anciennes et modernes
=250  \\$a1st ed.
=260  \\$aParis$bGuignard$c1681
=300  \\$a[xxii]-333-[3] pages
=500  \\$aImportant treatise, for example on the sublime, by a Jesuit director
=505  \\$aContains index
=610  \0$aJesuits$1http://www.wikidata.org/entity/Q36380$921140
=648  \0$a17th Century (1601-1700)$1http://www.wikidata.org/entity/Q7016$920923
=650  \0$aMusic history$1http://www.wikidata.org/entity/Q846047$921373
=650  \0$aMusic theater$1http://www.wikidata.org/entity/Q96394452$92065
=650  \0$aAesthetics$1http://www.wikidata.org/entity/Q35986$921494
=650  \0$aStaging$1http://www.wikidata.org/entity/Q3508687$922118
=650  \0$aQuarrel of the Ancients and the Moderns$1http://www.wikidata.org/entity/Q267863$927393
=651  \0$aFrance$1http://www.wikidata.org/entity/Q142$9131
=653  \0$abibliotheek$3173$020135824$w05B04$929548
=653  \0$aBardi$367$020135824$w05B04$929082
=653  \0$aBoësset$3178$020135824$w05B04$929712
=653  \0$aCaccini, G.$3164, 245$020135824$w05B04$930101
=653  \0$aCambert$3178, 207-210, 248$020135824$w05B04$930147
=653  \0$aCharpentier, M.A.$3191$020135824$w05B04$930409
=653  \0$amuziek_algemeen$373-77$020135824$w05B04$935036
=653  \0$aChinese muziek$354-61$020135824$w05B04$930437
=653  \0$amuziek_in oudheid$3preface, 4, 7, 36-42, 58, 77, 82, 86-105, 115, 117, 129, 138$020135824$w05B04$935057
=653  \0$aoratorium$3179-192$020135824$w05B04$935450
=653  \0$adrukfouten$3na preface$020135824$w05B04$931221
=653  \0$aechoeffekt$3222$020135824$w05B04$931377
=653  \0$aemoties$376, 77, 81, 95, 206, 214$020135824$w05B04$931445
=653  \0$aenharmonisch$374, 75$020135824$w05B04$931478
=653  \0$afrans - italiaans$3195, 196, 205, 206, 266$020135824$w05B04$931871
=653  \0$agamba$3127$020135824$w05B04$931995
=653  \0$atekstuitspraak$379$020135824$w05B04$936786
=653  \0$atheater$3wb$020135824$w05B04$936885
=653  \0$agregoriaans$3114$020135824$w05B04$932368
=653  \0$atrillers etc. $3150$020135824$w05B04$937147
=653  \0$avogels en muziek$3103, 258$020135824$w05B04$937697
=653  \0$aVossius, J.$3120, 138, 143, 145, 147$020135824$w05B04$937787
=653  \0$ajoodse muziek$38-24, 181$020135824$w05B04$933246
=653  \0$aRinuccini$3164$020135824$w05B04$938461
=653  \0$aRossi, L.$3195-205$020135824$w05B04$938569
=653  \0$aLambert$3178, 208$020135824$w05B04$933863
=653  \0$asarabande$317$020135824$w05B04$938753
=653  \0$aLully$3150, 151, 236, 238$020135824$w05B04$934271
=653  \0$amise-en-scène$3170-177, 195, 202, 234, 232, 281, 284-286$020135824$w05B04$939272
=653  \0$ameerkorigheid$340$020135824$w05B04$934594
=653  \0$aMonteverdi, C.$3164, 165$020135824$w05B04$934854
=653  \\$aBacilly$3145, 147$929002$020135824$w05B04
=653  \\$aBaif, J.A.$3166$929026$020135824$w05B04
=653  \\$aBeaujoyeux, B. le$3272$929300$020135824$w05B04
=653  \\$aBernabei, E.$3144$929451$020135824$w05B04
=653  \\$aCorsi, G.$3164$930763$020135824$w05B04
=653  \\$aGiovanelli$3165$932201$020135824$w05B04
=653  \\$aHotman$3opdracht$932947$020135824$w05B04
=653  \\$aMailly, Abbé$3177$934369$020135824$w05B04
=653  \\$apipe and tabor$383$935990$020135824$w05B04
=653  \\$aSoriano$3165$936380$020135824$w05B04
=653  \\$aStrozzi, G.$3232$936644$020135824$w05B04
=653  \\$azingen_in verschillende landen$3107, 108$938156$020135824$w05B04
=856  \\$uhttps://gallica.bnf.fr/ark:/12148/bpt6k315285g$3Gallica
=942  \\$cBOO
=952  \\$00$10$2ddc$40$6KTS_1_000000000000000_C1_02_05B04$70$8RAR$9962$aORPH$bORPH$cKTS1_C1$d2020-07-08$eKoopman$l0$oKTS1 C1.02 05B04$p20135824$r2021-01-12 00:00:00$w2021-01-12$yBOO
=999  \\$d962

