=LDR  02228aam a2200241   4500
=001  963
=008  210526s1659\\\\\\\|||||\||||\00|\0\lat\d
=041  \\$alat
=100  \\$aPliny the Younger$d61-113$4aut$1http://www.wikidata.org/entity/Q168707$921569
=245  \\$aC. Plinii Cæcilii secundi epistolæ et panegyricus
=260  \\$aAmsterdam$bElsevier$c1659
=300  \\$a[xxii]-404-[14] pages
=500  \\$aGaius Plinius Caecilius Secundus, born Gaius Caecilius or Gaius Caecilius Cilo (61 – c. 113), better known as Pliny the Younger (/ˈplɪni/), was a lawyer, author, and magistrate of Ancient Rome. Not to be confused with Pliny's uncle, Pliny the Elder, who helped raise and educate him.
=504  \\$aContains index
=520  \\$aThe Epistulae ([ɛˈpɪs.t̪ʊ.ɫ̪ae̯], "letters") are a series of personal missives by Pliny the Younger directed to his friends and associates. These Latin letters are a unique testimony of Roman administrative history and everyday life in the 1st century. The style is very different from that in the Panegyricus, and some commentators maintain that Pliny initiated a new genre: the letter written for publication. This genre offers a different type of record than the more usual history; one that dispenses with objectivity but is no less valuable for it. Especially noteworthy among the letters are two in which he describes the eruption of Mount Vesuvius in 79 during which his uncle Pliny the Elder died (Epistulae VI.16, VI.20), and one in which he asks the Emperor for instructions regarding official policy concerning Christians (Epistulae X.96).
=561  \\$aEx libris Johannis Palmer 1672
Ex libris Charless Lett Feltoe 1881
=648  \0$aClassical Antiquity (8th Century BC-6th Century AD)$1http://www.wikidata.org/entity/Q486761$921435
=648  \0$a17th Century (1601-1700)$1http://www.wikidata.org/entity/Q7016$920923
=650  \0$aCorrespondence$1http://www.wikidata.org/entity/Q1784733$921392
=651  \0$aRome (Italy)$1http://www.wikidata.org/entity/Q220$949
=942  \\$cBOO
=952  \\$00$10$2ddc$40$6KTS_1_000000000000000_C1_02_05B05$70$8RAR$9963$aORPH$bORPH$cKTS1_C1$d2020-07-08$eKoopman$l0$oKTS1 C1.02 05B05$p20135827$r2021-01-12 00:00:00$w2021-01-12$yBOO
=999  \\$d963

