=LDR  01934aaa a2200289   4500
=001  969
=005  20250120120344.0
=008  210225s1689\\\\be\|||||\||||\00|\d\fre\d
=040  \\$aOI
=041  \\$afre
=100  \\$aMolière$d1622-1673$4aut$1http://www.wikidata.org/entity/Q687$95673
=245  \\$aGeorge Dandin ou Le mari confondu
=260  \\$aAmsterdam$bLe Jeune$bWettstein$c1689
=300  \\$a60 pages$billustration$c7x13 cm
=500  \\$aOne of 10 reprints of Molière's works, collected in a box
=501  \\$aBound in with 'Dom Garcie de Navarre, ou Le prince jaloux', 'L'Escole des femmes', 'L'Escole des maris', 'La Comtesse d'Escarbagnas', 'La Princesse d'Élide ensemble les plaisirs de l'isle enchantée', 'Le Mariage forcé', 'Le Sicilien ou L'Amour peintre', 'Les Amans magnifiques. Comédie meslée de musique et d'entrées de ballet', and 'Mélicerte. Comédie pastorale héroique'
=534  \\$aComedy-ballet in three acts, with music by Jean-Baptiste Lully. It was first performed at Versailles on 18 July 1668 during the "Grand Divertissement royal" celebrating the Treaty of Aix-la-Chapelle, then given to the public at the Théâtre du Palais-Royal on 9 November of the same year.
=600  \0$aLully, Jean-Baptiste$d1632-1687$1http://www.wikidata.org/entity/Q1192$95867
=648  \0$a17th Century (1601-1700)$1http://www.wikidata.org/entity/Q7016$920923
=650  \0$aPlay (theater)$1http://www.wikidata.org/entity/Q25379$921414
=650  \0$aBallet$1http://www.wikidata.org/entity/Q41425$94412
=651  \0$aFrance$1http://www.wikidata.org/entity/Q142$9131
=773  \\$020098$t[Molière collection]$w20098
=856  \\$uhttps://gallica.bnf.fr/view3if/ga/ark:/12148/bpt6k1280418x$3IIIF
=942  \\$cBOO
=952  \\$00$10$2ddc$40$6KTS_1_000000000000000_C1_02_05B13B$70$8RAR$9969$aORPH$bORPH$cKTS1_C1$d2020-07-08$eKoopman$i05B13b$oKTS1 C1.02 05B13b$p20136454b$r2021-01-12 00:00:00$w2021-01-12$yBOO
=999  \\$d969

