=LDR  01637aam a2200265   4500
=001  970
=008  210527s1689\\\\\\\|||||\||||\00|\d\fre\d
=041  \\$afre
=100  \\$aMolière$d1622-1673$4aut$1http://www.wikidata.org/entity/Q687$95673
=245  \\$aL'Escole des femmes
=260  \\$aAmsterdam$bLe Jeune$bWettstein$c1689
=300  \\$a84 pages$billutration$c7x13 cm
=336  \\$abook
=336  \\$aprinted
=500  \\$aOne of 10 reprints of Molière's works, collected in a box
=500  \\$aL'école des femmes is a theatrical comedy considered by some critics to be one of Molière's finest achievements. It was first staged at the Palais Royal theatre on 26 December 1662 for the brother of the King.
=501  \\$aDom Garcie de Navarre, ou Le prince jaloux
George Dandin ou Le mari confondu
L'Escole des maris
La Comtesse d'Escarbagnas
La Princesse d'Élide ensemble les plaisirs de l'isle enchantée
Le Mariage forcé
Le Sicilien ou L'Amour peintre
Les Amans magnifiques. Comédie meslée de musique et d'entrées de ballet
Mélicerte. Comédie pastorale héroique
=648  \0$a17th Century (1601-1700)$1http://www.wikidata.org/entity/Q7016$920923
=650  \0$aPlay (theater)$1http://www.wikidata.org/entity/Q25379$921414
=651  \0$aFrance$1http://www.wikidata.org/entity/Q142$9131
=773  \\$020098$t[Molière collection]$w20098
=856  \\$uhttps://gallica.bnf.fr/ark:/12148/bpt6k1280418x$3Gallica
=942  \\$cBOO
=952  \\$00$10$2ddc$40$6KTS_1_000000000000000_C1_02_05B13C$70$8RAR$923839$aORPH$bORPH$cKTS1_C1$d2020-07-08$eKoopman$l0$oKTS1 C1.02 05B13c$p20136454c$r2021-01-12 00:00:00$w2021-01-12$yBOO
=999  \\$d970

