=LDR  01629aam a2200277   4500
=001  971
=003  OI
=005  20250702092845.0
=008  210225s1689\\\\be\|||||\||||\00|\d\fre\d
=040  \\$aOI
=041  \\$afre
=100  \\$aMolière$d1622-1673$4aut$1http://www.wikidata.org/entity/Q687$95673
=245  \\$aL'Escole des maris
=260  \\$aAmsterdam$bLe Jeune; Wettstein$c1689
=300  \\$a60 pages$billustration$c13x7 cm
=500  \\$aOne of 10 reprints of Molière's works, collected in a box
=500  \\$aL'École des maris is a comedy in three acts and in verse, first performed in Paris at the Théâtre du Palais-Royal on 24 June 1661 by the troupe of Monsieur, the King's only brother
=501  \\$aDom Garcie de Navarre, ou Le prince jaloux
George Dandin ou Le mari confondu
L'Escole des femmes
La Comtesse d'Escarbagnas
La Princesse d'Élide ensemble les plaisirs de l'isle enchantée
Le Mariage forcé
Le Sicilien ou L'Amour peintre
Les Amans magnifiques. Comédie meslée de musique et d'entrées de ballet
Mélicerte. Comédie pastorale héroique

=648  \0$a17th Century (1601-1700)$1http://www.wikidata.org/entity/Q7016$920923
=650  \0$aPlay (theater)$1http://www.wikidata.org/entity/Q25379$921414
=651  \0$aFrance$1http://www.wikidata.org/entity/Q142$9131
=773  \\$020098$t[Molière collection]$w20098
=856  \\$uhttps://gallica.bnf.fr/ark:/12148/bpt6k1280418x$3Gallica
=942  \\$cBOO
=952  \\$00$10$2ddc$40$6KTS_1_000000000000000_C1_02_05B13D$70$8RAR$923840$aORPH$bORPH$cKTS1_C1$d2020-07-08$eKoopman$l0$oKTS1 C1.02 05B13d$p20136454d$r2021-01-12 00:00:00$w2021-01-12$yBOO
=999  \\$d971

