=LDR  02034aam a2200301   4500
=001  972
=003  OI
=005  20251009083404.0
=008  210225s1689\\\\be\|||||\||||\00|\d\fre\d
=040  \\$aOI
=041  \\$afre
=100  \\$aMolière$d1622-1673$4aut$1http://www.wikidata.org/entity/Q687$95673
=245  \\$aLa Comtesse d'Escarbagnas
=260  \\$aAmsterdam$bLe Jeune$bWettstein$c1689
=300  \\$a32 pages$billustration$c13 x 7 cm
=500  \\$aOne of 10 reprints of Molière's works, collected in a box
=500  \\$aLa Comtesse d'Escarbagnas, first performed at Saint-Germain-en-Laye, 2 December 1671, is a comedy-ballet with music by Charpentier and ballets by Beauchamps., It was commissioned by Louis XIV for the remarriage of his brother to the Princess Palatine of Bavaria, after his widowhood. Songs and dance (music originally composed by Jean-Baptiste Lully, reworked by Marc-Antoine Charpentier) enhanced this high quality show made to impress the German court.



=501  \\$aDom Garcie de Navarre, ou Le prince jaloux
George Dandin ou Le mari confondu
L'Escole des femmes
L'Escole des maris
La Princesse d'Élide ensemble les plaisirs de l'isle enchantée
Le Mariage forcé
Le Sicilien ou L'Amour peintre
Les Amans magnifiques. Comédie meslée de musique et d'entrées de ballet
Mélicerte. Comédie pastorale héroiqu
=648  \0$a17th Century (1601-1700)$1http://www.wikidata.org/entity/Q7016$920923
=650  \0$aComedy$1http://www.wikidata.org/entity/Q40831$921436
=650  \0$aBallet$1http://www.wikidata.org/entity/Q41425$94412
=650  \0$aNobility$1http://www.wikidata.org/entity/Q134737$93602
=651  \0$aFrance$1http://www.wikidata.org/entity/Q142$9131
=773  \\$020098$t[Molière collection]$w20098
=856  \\$uhttps://gallica.bnf.fr/ark:/12148/bpt6k1280418x$3Gallica
=942  \\$cBOO
=952  \\$00$10$2ddc$40$6KTS_1_000000000000000_C1_02_05B13E$70$8RAR$923841$aORPH$bORPH$cKTS1_C1$d2020-07-08$eKoopman$l0$oKTS1 C1.02 05B13e$p20136454e$r2021-01-12 00:00:00$w2021-01-12$yBOO
=999  \\$d972

