=LDR  01856    a2200253   4500
=001  973
=008  210527s1689\\\\\\\|||||\||||\00|\d\fre\d
=041  \\$afre
=100  \\$aMolière$d1622-1673$4aut$1http://www.wikidata.org/entity/Q687$95673
=245  \\$aLa Princesse d'Élide ensemble les plaisirs de l'isle enchantée
=260  \\$aAmsterdam$bLe Jeune$c1689
=300  \\$a108 pages$billustration$c7x13cm
=500  \\$aOne of 10 reprints of Molière's works, collected in a box
=500  \\$aLa Princesse d'Élide is a gallant comedy with music and ballet entries in five acts, first performed at Versailles on 8 May 1664 as part of the sumptuous Plaisirs de l'Île enchantée festival. It was then given to the public at the Théâtre du Palais-Royal on 9 November 1664 by Molière's troupe, then known as the troupe of Monsieur, the King's only brother.
=501  \\$aBound in with 'Dom Garcie de Navarre, ou Le prince jaloux', 'George Dandin ou Le mari confondu', 'L'Escole des femmes', 'L'Escole des maris', 'La Comtesse d'Escarbagnas', 'Le Mariage forcé, 'Le Sicilien ou L'Amour peintre', 'Les Amans magnifiques. Comédie meslée de musique et d'entrées de ballet', and 'Mélicerte. Comédie pastorale héroique'
=648  \0$a17th Century (1601-1700)$1http://www.wikidata.org/entity/Q7016$920923
=650  \0$aPlay (theater)$1http://www.wikidata.org/entity/Q25379$921414
=650  \0$aBallet$1http://www.wikidata.org/entity/Q41425$94412
=651  \0$aFrance$1http://www.wikidata.org/entity/Q142$9131
=773  \\$020098$t[Molière collection]$w20098
=856  \\$uhttps://gallica.bnf.fr/view3if/ga/ark:/12148/bpt6k1280418x$3IIIF
=942  \\$cBOO
=952  \\$00$10$2ddc$40$6KTS_1_000000000000000_C1_02_05B13F$70$8RAR$9973$aORPH$bORPH$cKTS1_C1$d2020-07-08$eKoopman$i05B13f$oKTS1 C1.02 05B13f$p20136454f$r2021-01-12 00:00:00$w2021-01-12$yBOO
=999  \\$d973

