=LDR  01807aam a2200289   4500
=001  974
=003  OI
=005  20250702092825.0
=008  210225s1689\\\\be\|||||\||||\00|\d\fre\d
=040  \\$aBF
=041  \\$afre
=100  \\$aMolière$d1622-1673$4aut$1http://www.wikidata.org/entity/Q687$95673
=245  \\$aLe Mariage forcé
=260  \\$aAmsterdam$bLe Jeune; Wettstein$c1689
=300  \\$a36 pages$billustration$c7x13 cm
=500  \\$aOne of 10 reprints of Molière's works, collected in a box


=500  \\$aLe Mariage forcé is a comedy-ballet in one act and in prose bwith music by Lully, first performed at the Louvre Palace by order of His Majesty on 29 January 1664, and then given to the public at the Palais-Royal Theatre on 15 February 1664 by the troupe of Monsieur, the King's only brother.
=501  \\$aDom Garcie de Navarre, ou Le prince jaloux
George Dandin ou Le mari confondu
L'Escole des femmes
L'Escole des maris
La Comtesse d'Escarbagnas
La Princesse d'Élide ensemble les plaisirs de l'isle enchantée
Le Sicilien ou L'Amour peintre
Les Amans magnifiques. Comédie meslée de musique et d'entrées de ballet
Mélicerte. Comédie pastorale héroique
=648  \0$a17th Century (1601-1700)$1http://www.wikidata.org/entity/Q7016$920923
=650  \0$aPlay (theater)$1http://www.wikidata.org/entity/Q25379$921414
=650  \0$aBallet$1http://www.wikidata.org/entity/Q41425$94412
=651  \0$aFrance$1http://www.wikidata.org/entity/Q142$9131
=773  \\$020098$t[Molière collection]$w20098
=856  \\$uhttps://gallica.bnf.fr/ark:/12148/bpt6k1280418x$3Gallica
=942  \\$cBOO
=952  \\$00$10$2ddc$40$6KTS_1_000000000000000_C1_02_05B13G$70$8RAR$923842$aORPH$bORPH$cKTS1_C1$d2020-07-08$eKoopman$l0$oKTS1 C1.02 05B13g$p20136454g$r2021-01-12 00:00:00$w2021-01-12$yBOO
=999  \\$d974

