=LDR  02274aam a2200277   4500
=001  975
=008  210527s1689\\\\\\\|||||\||||\00|\d\fre\d
=041  \\$afre
=100  \\$aMolière$d1622-1673$4aut$1http://www.wikidata.org/entity/Q687$95673
=245  \\$aLe Sicilien ou L'Amour peintre
=260  \\$aAmsterdam$bLe Jeune$bWettstein$c1689
=300  \\$a36 pages$billustration$c7x13 cm
=336  \\$abook
=336  \\$aprinted
=500  \\$aOne of 10 reprints of Molière's works, collected in a box


=500  \\$aLe Sicilien ou l'Amour peintre is a one-act comedy-ballet, with music by Lully.
This play, a precursor of the style known as opéra-comique, combines song, dance and comedy. Jean Baptiste Lully is said to have produced here his "best musical score [... thanks to] a happy balance between alternating musical interludes, the spoken word, the sung word and the vocal ensembles ".
The first performance of this work was given on 5 January 1667 in Saint-Germain-en-Laye.
When the play was revived at La Comédie Française on 9 June 1679, Marc-Antoine Charpentier composed the music , and on 10 March 1780, the music was composed by Antoine Dauvergne.
Camille Saint-Saëns composed the incidental music for the re-creation on 30 May 1892 at the Théatre français in Paris.
=501  \\$aDom Garcie de Navarre, ou Le prince jaloux
George Dandin ou Le mari confondu
L'Escole des femmes
L'Escole des maris
La Comtesse d'Escarbagnas
La Princesse d'Élide ensemble les plaisirs de l'isle enchantée
Le Mariage forcé
Les Amans magnifiques. Comédie meslée de musique et d'entrées de ballet
Mélicerte. Comédie pastorale héroique
=648  \0$a17th Century (1601-1700)$1http://www.wikidata.org/entity/Q7016$920923
=650  \0$aPlay (theater)$1http://www.wikidata.org/entity/Q25379$921414
=650  \0$aBallet$1http://www.wikidata.org/entity/Q41425$94412
=651  \0$aFrance$1http://www.wikidata.org/entity/Q142$9131
=773  \\$020098$t[Molière collection]$w20098
=856  \\$uhttps://gallica.bnf.fr/ark:/12148/bpt6k1280418x$3Gallica
=942  \\$cBOO
=952  \\$00$10$2ddc$40$6KTS_1_000000000000000_C1_02_05B13H$70$8RAR$923843$aORPH$bORPH$cKTS1_C1$d2020-07-08$eKoopman$i05B13h$l0$oKTS1 C1.02 05B13h$p20136454h$r2021-01-12 00:00:00$w2021-01-12$yBOO
=999  \\$d975

