=LDR  01425aam a2200241   4500
=001  984
=008  210527s1753\\\\\\\|||||\||||\00|\0\fre\d
=041  \\$afre
=100  \\$aRousseau, Jean-Baptiste$d1670-1741$4aut$1http://www.wikidata.org/entity/Q471026$95679
=245  \\$aŒuvres de Rousseau$nvol. 2
=260  \\$aParis$aLondon [sic]$b[Valadé]$c1753
=300  \\$a395 pages
=500  \\$aJean-Baptiste Rousseau was a French playwright and poet, particularly noted for his cynical epigrams.
=500  \\$aVolume 2 of a five-volume set
=500  \\$aAlthough the majority of the small-format editions of Rousseau’s works published in 1780s France have previously been attributed to the Reims publisher-bookseller Hubert-Martin Cazin, the Rousseau editions issued with the false imprint “A Londres” seem to be originally produced by his collaborator Jacques-François Valade in Paris.
=504  \\$aContains an index
=648  \0$a17th Century (1601-1700)$1http://www.wikidata.org/entity/Q7016$920923
=648  \0$a18th Century (1701-1800)$1http://www.wikidata.org/entity/Q7015$920899
=650  \0$aPoetry$1http://www.wikidata.org/entity/Q482$93026
=651  \0$aFrance$1http://www.wikidata.org/entity/Q142$9131
=942  \\$cBOO
=952  \\$00$10$2ddc$40$6KTS_1_000000000000000_C1_02_05B24$70$8RAR$9984$aORPH$bORPH$cKTS1_C1$d2020-07-08$eKoopman$l0$oKTS1 C1.02 05B24$p20136470$r2021-01-12 00:00:00$w2021-01-12$yBOO
=999  \\$d984

