=LDR  01058aam a2200253   4500
=001  985
=003  OI
=005  20251103091948.0
=008  210225s1770\\\\be\|||||\||||\00|\d\fre\d
=040  \\$aBF
=041  \\$afre
=100  \\$aMolière$d1622-1673$4aut$1http://www.wikidata.org/entity/Q687$95673
=245  \\$aŒuvres$nvol. 6
=260  \\$aParis$bMusier$c1770
=300  \\$a276 pages$billustrations
=505  \\$aLes amans magnifiques (1670) -- Le Bourgeois gentilhomme (1670) -- M. de Pourceaugnac (1669)
=563  \\$aVolume needs restauration (loose front cover)
=648  \0$a17th Century (1601-1700)$1http://www.wikidata.org/entity/Q7016$920923
=650  \0$aComedy$1http://www.wikidata.org/entity/Q40831$921436
=650  \0$aBallet$1http://www.wikidata.org/entity/Q41425$94412
=651  \0$aFrance$1http://www.wikidata.org/entity/Q142$9131
=942  \\$cBOO
=952  \\$00$10$2ddc$40$6KTS_1_000000000000000_C1_02_05B25$70$8RAR$9985$aORPH$bORPH$cKTS1_C1$d2020-07-08$eKoopman$l0$oKTS1 C1.02 05B25$p20136471$r2021-01-12 00:00:00$w2021-01-12$yBOO
=999  \\$d985

