=LDR  01117aam a2200253   4500
=001  986
=008  210527s1670\\\\\\\|||||\||||\00|\0\lat\d
=041  \\$alat
=100  \\$aFlorus, Lucius Annaeus$dc. 74-130$4aut$1http://www.wikidata.org/entity/Q316483$95236
=100  \\$aMinell, Jan$4aut$95680
=245  \\$aL. Annæi Flori rerum romanarum, libri quatuor
=260  \\$aRotterdam$bLeers$c1670
=300  \\$a[xx]-405-[xcvii]
=336  \\$abook
=336  \\$aprinted
=500  \\$aOriginally 'Epitome de T. Livio Bellorum onium annorum DCC Libri duo' (c. 100 AD)
=500  \\$asubtitle: "annotationibus, in usum studiosæ juventutis, instar commentarii illustrati."
=504  \\$aindex (97 pages!)
=561  \\$aEx Libris W. Webb
=648  \0$aClassical Antiquity (8th Century BC-6th Century AD)$1http://www.wikidata.org/entity/Q486761$921435
=650  \0$aHistory$1http://www.wikidata.org/entity/Q309$921403
=942  \\$cBOO
=952  \\$00$10$2ddc$40$6KTS_1_000000000000000_C1_02_05B26$70$8RAR$9986$aORPH$bORPH$cKTS1_C1$d2020-07-08$eKoopman$l0$oKTS1 C1.02 05B26$p20136472$r2021-01-12 00:00:00$w2021-01-12$yBOO
=999  \\$d986

