=LDR  01514aca a2200229   4500
=001  987
=008  210528n\\\\\\\\\\\||le|\||||\00|\0\fre\d
=041  \\$afre
=059  \\$avla
=100  \\$aRosier, Charles$d1640-1725$4cmp$95681
=245  \\$aQuatorze sonate$bpour les violons et le hautbois à 6 parties
=260  \\$aAmsterdam$bRoger$aUtrecht$bTabuteau$c1697 [?]
=300  \\$a16 pages
=500  \\$aLoose haute-contrepart. The five-part instrumentation of the Vingt-quatre Violons (founded in 1626 under Louis XIII ) consisted of the following string instruments: “treble violins,” “contratenor violins,” “tenor violins,” “low-tenor violins” and “bass violins” (dessus, hautes-contres, tailles, quintes de violon & basses de violon)
=500  \\$aThe fourth sonata is known as the 'Kuckuckssonate', as No.4 of QUATORZE SONATE │ Pour les Violons et le Haubois. │ a 6 Parties composés │ par Mr. C. Rosiers,1697 - Amsterdam, see https://imslp.org/wiki/Sonata_in_C_major_'Kuckuckssonate'_(Rosier%2C_Carl)
=648  \0$a17th Century (1601-1700)$1http://www.wikidata.org/entity/Q7016$920923
=650  \0$aSonata$1http://www.wikidata.org/entity/Q131269$921653
=650  \0$aViolin$1http://www.wikidata.org/entity/Q8355$92783
=650  \0$aOboe$1http://www.wikidata.org/entity/Q8377$91905
=942  \\$cSCO
=952  \\$00$10$2ddc$40$6KTS_1_000000000000000_C1_02_05B27$70$8RAR$9987$aORPH$bORPH$cKTS1_C1$d2020-07-08$eKoopman$oKTS1 C1.02 05B27$p20136475$r2021-01-12 00:00:00$w2021-01-12$ySCO
=999  \\$d987

