=LDR  01110    a2200241   4500
=001  989
=008  210907s1685\\\\||||||||\||||\00|\0\fre\d
=041  \\$afre
=100  \\$aOvidius$d43 BC-17$4aut$1http://www.wikidata.org/entity/Q7198$95683
=245  \\$aLes Épistres et toutes les élegies amoureuses
=260  \\$aThe Hague$bHondt, de$c1685
=300  \\$a[iv]-222-[5] pages$cengraved frontispiece
=336  \\$abook
=336  \\$aprinted
=648  \0$aClassical Antiquity (8th Century BC-6th Century AD)$1http://www.wikidata.org/entity/Q486761$921435
=648  \0$a17th Century (1601-1700)$1http://www.wikidata.org/entity/Q7016$920923
=650  \0$aMythology$1http://www.wikidata.org/entity/Q9134$921600
=650  \0$aLiterature$1http://www.wikidata.org/entity/Q8242$94439
=700  \\$4trl$aBarrin, Jean$d1640-1718$95684
=856  \\$uhttps://books.google.be/books?id=lAGpngEACAAJ$3Google Books
=942  \\$cBOO
=952  \\$00$10$2ddc$40$6KTS_1_000000000000000_C1_31_05C02$70$8RAR$9989$aORPH$bORPH$cKTS1_C1$d2020-07-08$eKoopman$i05C02$oKTS1 C1.31 05C02$p20137277$r2021-01-12 00:00:00$w2021-01-12$yBOO
=999  \\$d989

