=LDR  08079aam a2201429   4500
=001  995
=008  210909s1742\\\\\\\|||||\||||\00|\0\eng\d
=041  \\$aeng
=100  \\$aTosi, Pier Francesco$dc. 1653-1732$4aut$1http://www.wikidata.org/entity/Q671057$95689
=245  \\$aObservations on the Florid Song, or, Sentiments on the Ancient and Modern Singers
=260  \\$aLondon$bWilcox$c1742
=300  \\$a[xx]-184 pages$b6 inserted folded pages with music notation$eloose leaflet
=500  \\$aCited in Koopman 1985, 106
=500  \\$aContains loose leaflet with manuscript notes on Tosi from the Grove Dictionary of Music and Musicians
=534  \\$aOriginally published in 1723
=648  \0$a18th Century (1701-1800)$1http://www.wikidata.org/entity/Q7015$920899
=650  \0$aMethod$1http://www.wikidata.org/entity/Q2250960$921402
=650  \0$aMusic criticism$1http://www.wikidata.org/entity/Q11748889$921598
=653  \0$aa =$326$020137292$w05C12$928388
=653  \0$aà l'improviste$3176, 178$020137292$w05C12$928395
=653  \0$aad lib. bezetting $3xx$020137292$w05C12$928472
=653  \0$aademen$361-62$020137292$w05C12$928490
=653  \0$aalcohol$3112$020137292$w05C12$928577
=653  \0$aAllegri$33$020137292$w05C12$928603
=653  \0$aappoggiatura$329, 31-40, 66, 129, 135, 136, 174$020137292$w05C12$928737
=653  \0$aaria van andere componist in opera$3168$020137292$w05C12$928767
=653  \0$aartikulatie$352-64, 68, 89, p. vi$020137292$w05C12$928817
=653  \0$aboekprijs$3xx$020137292$w05C12$929701
=653  \0$aBononcini$3114$020137292$w05C12$929756
=653  \0$acadens$3126-139$020137292$w05C12$930106
=653  \0$aCarissimi$3112$020137292$w05C12$930243
=653  \0$acompositieloon$3112$020137292$w05C12$930641
=653  \0$aCorelli, A.$3116$020137292$w05C12$930736
=653  \0$aCuzzoni$3154, 170, 171$020137292$w05C12$930878
=653  \0$aoud-nieuw$3a1$020137292$w05C12$935651
=653  \0$aoud-nieuw$3101, 104, 129, 130, 131, 138$020137292$w05C12$935651
=653  \0$aoude muziek vroeger$364, 101, 107, 108, 117-125$020137292$w05C12$935658
=653  \0$adiminuties$351, 91-99, 100, 101, 102, 106, 150, 152, 153, 159, 162, 163, 169, 174$020137292$w05C12$931087
=653  \0$aparodie$3119$020137292$w05C12$935769
=653  \0$aPepusch, J.C.$3xx$020137292$w05C12$935849
=653  \0$adynamiek$319, 27, 53, 62, 63, 102, 115, 142, 150, 167, 176, 178$020137292$w05C12$931346
=653  \0$aemoties$3vii, 51, 67, 68, 110, 157, 158, 177, 179$020137292$w05C12$931445
=653  \0$aenharmoniek$32$020137292$w05C12$931476
=653  \0$afalset$322, 23, 24$020137292$w05C12$931595
=653  \0$apubliek$348, 63, 87, 104-106, 109, 131, 132, 144, 145, 167$020137292$w05C12$936257
=653  \0$asolmisatie$318, 19, 28$020137292$w05C12$936344
=653  \0$afondscatalogus$3xx$020137292$w05C12$931799
=653  \0$aforlane$3119$020137292$w05C12$931824
=653  \0$aSteffani, Abbé$3150$020137292$w05C12$936526
=653  \0$aStradella, A.$3112, 113, 114$020137292$w05C12$936616
=653  \0$astuderen$388, 158$020137292$w05C12$936657
=653  \0$astudietijd$365, 82, 86, 88, 89$020137292$w05C12$936660
=653  \0$asub/semitoetsen$320$020137292$w05C12$936666
=653  \0$aGalliard, J.E.$3xx$020137292$w05C12$931986
=653  \0$aGasparini$3114$020137292$w05C12$932014
=653  \0$atekstuitspraak$3xii, 25, 26, 57, 58, 59, 69, 70, 80, 106, 180$020137292$w05C12$936786
=653  \0$atemperatuur$320$020137292$w05C12$936807
=653  \0$atempo$387$020137292$w05C12$936814
=653  \0$atempo rubato$3129, 156, 165(?)$020137292$w05C12$936822
=653  \0$aglissando$3174, 178?, 179?$020137292$w05C12$932234
=653  \0$agoût / taste$383, 85, 89, 92-125, 128, 129, 151, 156, 159, 174, 175, 180, 182$020137292$w05C12$932304
=653  \0$aGreene, M.$3xx$020137292$w05C12$932366
=653  \0$atrillers etc.$328, 41-50, 68, pl. v (75), 89, 161, 169, 174$020137292$w05C12$937146
=653  \0$aharp$3113$020137292$w05C12$932582
=653  \0$auit het hoofd zingen$364, 141$020137292$w05C12$937282
=653  \0$avibrato$327, 56?$020137292$w05C12$937531
=653  \0$ahobo$359, 159$020137292$w05C12$932805
=653  \0$ainterpretatie vroeger$3142$020137292$w05C12$933102
=653  \0$akerktoonsoorten$3115, 121$020137292$w05C12$933376
=653  \0$azang als voorbeeld$382, 85, 170$020137292$w05C12$938078
=653  \0$azanger-acteur$3152$020137292$w05C12$938088
=653  \0$azangkunst$3wb, 140-173, 183, 184$020137292$w05C12$938104
=653  \0$aZarlino$36$020137292$w05C12$938113
=653  \0$azuiverheid$319, 20, 21, 46, 51, 52, 54, 55, 57, 58, 69, 70, 180$020137292$w05C12$938176
=653  \0$arecitatief$366-76, 89$020137292$w05C12$938285
=653  \0$arecitatief_vrijheid in $368$020137292$w05C12$938296
=653  \0$akwint/oktaafparallellen$3134$020137292$w05C12$933824
=653  \0$aLampe, J.L.$3xx$020137292$w05C12$933874
=653  \0$arubato$3177??$020137292$w05C12$938615
=653  \0$asalaris$3131, 164$020137292$w05C12$938697
=653  \0$aScarlatti, A.$3114$020137292$w05C12$938789
=653  \0$aLotti, fam.$3103$020137292$w05C12$934228
=653  \0$asiciliano$357$020137292$w05C12$939098
=653  \0$amessa di voce$327, 28, pl.iii (34), 38, 66, 81, 89, 97, 102, 157, 174, 175, 179, 180$020137292$w05C12$934702
=653  \0$amordent$3p. iv (43), 44$020137292$w05C12$934868
=653  \0$amusica ficta$317, 18$020137292$w05C12$934970
=653  \\$aademhalen in een woord$360$928492$020137292$w05C12
=653  \\$aAgostini$3112$928525$020137292$w05C12
=653  \\$aBockstriller$348$929656$020137292$w05C12
=653  \\$aBordoni, Faustina$3154, 170, 171, $921646$020137292$w05C12
=653  \\$aCara, M.$3170, 171$930230$020137292$w05C12
=653  \\$acatena di tr. $3pl. iv (43), 45, 46$930307$020137292$w05C12
=653  \\$acoloraturen$351-65$930606$020137292$w05C12
=653  \\$ada capo$391-99, 128$930899$020137292$w05C12
=653  \\$adragg$353, 57$931192$020137292$w05C12
=653  \\$aexcuses van zangers$3147, 149$931563$020137292$w05C12
=653  \\$agebruik van trillers etc. $328, 42, 47, 48, 49, 76$932064$020137292$w05C12
=653  \\$agesticuleren$325, 26, 56, 57, 88, 89, 143$932158$020137292$w05C12
=653  \\$ainstrument als voorbeeld$382, 83, 85, 159$933085$020137292$w05C12
=653  \\$akopieren/nadoen van anderen$3152-156$933695$020137292$w05C12
=653  \\$alijfstraffen$364$934114$020137292$w05C12
=653  \\$aMancini$3114$934411$020137292$w05C12
=653  \\$aMorley, Thomas$3142$95578$020137292$w05C12
=653  \\$aonritmisch$364, 99, 100, 102, 104, 175, 180$935388$020137292$w05C12
=653  \\$aPalestrina$33$935723$020137292$w05C12
=653  \\$aPistocchi$3101, 102, 103, 152$935998$020137292$w05C12
=653  \\$apodiumangst$361$936041$020137292$w05C12
=653  \\$aprima vista$311, 75, 80, 141, 142, 149, 165$936203$020137292$w05C12
=653  \\$aSenesino$3152$923785$020137292$w05C12
=653  \\$aSiface$3102, 103$939110$020137292$w05C12
=653  \\$atriller_valse$348$937132$020137292$w05C12
=653  \\$atrillo... mordenten = verschillende trillers met naslag na elkaar$347$937165$020137292$w05C12
=653  \\$averschil zangtypen [stemtypen?]$310, 11$937476$020137292$w05C12
=653  \\$aversnelling van triller$3pl. iv (43), 45$937496$020137292$w05C12
=653  \\$avoix-mixte$323$937715$020137292$w05C12
=653  \\$azangtechniek$322-40$938110$020137292$w05C12
=700  \\$4trl$aGalliard, John Ernest$d1687-1749$1http://www.wikidata.org/entity/Q278887$95157
=765  \\$aOpinioni de' Cantori Antichi, e Moderni o sieno Osservazioni sopra il Canto Figurato
=856  \\$uhttps://imslp.org/wiki/Opinioni_de%E2%80%99_cantori_antichi_e_moderni_(Tosi%2C_Pier_Francesco)$3International Music Score Library Project
=942  \\$cBOO
=952  \\$00$10$2ddc$40$6KTS_1_000000000000000_C1_31_05C12$70$8RAR$9995$aORPH$bORPH$cKTS1_C1$d2020-07-08$eKoopman$oKTS1 C1.31 05C12$p20137292$r2021-01-12 00:00:00$w2021-01-12$yBOO
=999  \\$d995

