=LDR  01265    a2200265   4500
=001  996
=008  210909s1629\\\\\\\|||||\||||\00|\0\mul\d
=041  \\$afre$alat
=245  \\$aLivre d'église et psautier.$bDisposé selon le Messel & Breviaire Romain.
=260  \\$aParis$bGaultier$c1629
=300  \\$a24-[xvi]-936-[6]-cxxxv-22 pages
=336  \\$abook
=336  \\$aprinted
=500  \\$anice binding
=500  \\$abound in with "L'Ordinaire de la Sainte Messe", in latin & french, 24 pages in slight smaller format then main corpus; no dates, no title page.
=648  \0$a17th Century (1601-1700)$1http://www.wikidata.org/entity/Q7016$920923
=650  \0$aReligion$1http://www.wikidata.org/entity/Q9174$93062
=650  \0$aCatholicism$1http://www.wikidata.org/entity/Q1841$921631
=650  \0$aLiturgy$1http://www.wikidata.org/entity/Q172331$92284
=650  \0$aPrayer$1http://www.wikidata.org/entity/Q40953$921486
=650  \0$aPsalm$1http://www.wikidata.org/entity/Q12497663$92164
=651  \0$aFrance$1http://www.wikidata.org/entity/Q142$9131
=942  \\$cBOO
=952  \\$00$10$2ddc$40$6KTS_1_000000000000000_C1_31_05C13$70$8RAR$9996$aORPH$bORPH$cKTS1_C1$d2020-07-08$eKoopman$i05C13$oKTS1 C1.31 05C13$p20137291$r2021-01-12 00:00:00$w2021-01-12$yBOO
=999  \\$d996

