=LDR  01719aam a2200265   4500
=001  998
=008  210909s1724\\\\|||fa|||\||||\00|\ddfre\d
=041  \\$afre
=100  \\$aTerentius$d185-159 BC$4aut$1http://www.wikidata.org/entity/Q172048$95691
=245  \\$aLes Comédies
=260  \\$aAmsterdam$bWettstein$c1724
=300  \\$a3 vols. ([iv]-lxxxviii-511+485+431 pages)$b2 folded pages, several plates inserted in each volume (+/-19+17+12)
=500  \\$aThe printer Johann Heinrich Wettstein (1649-1726) was a relative of the Swiss theologian Johann Jakob Wettstein (1693-1754)
=561  \\$aEx libris Rob Clements (ms.)
=648  \0$aClassical Antiquity (8th Century BC-6th Century AD)$1http://www.wikidata.org/entity/Q486761$921435
=650  \0$aPlay (theater)$1http://www.wikidata.org/entity/Q25379$921414
=651  \0$aRome (Italy)$1http://www.wikidata.org/entity/Q220$949
=653  \0$adirigent$351afb$020137301$w05C15a$931092
=700  \\$4trl$4cmm$aDacier, Anne$d1654-1720$1http://www.wikidata.org/entity/Q272609$96931
=856  \\$uhttps://books.google.be/books?id=KYPkZsNGWekC (vol. 2)$3Google Books
=942  \\$cBOO
=952  \\$00$10$2ddc$3vol. 1$40$6KTS_1_000000000000000_C1_31_05C15$70$8RAR$9998$aORPH$bORPH$cKTS1_C1$d2020-07-08$eKoopman$oKTS1 C1.31 05C15$p20137301$r2021-01-12 00:00:00$w2021-01-12$yBOO
=952  \\$00$10$2ddc$3vol. 2$40$6KTS_1_000000000000000_C1_31_05C16$70$8RAR$920580$aORPH$bORPH$cKTS1_C1$d2020-07-08$eKoopman$l0$oKTS1 C1.31 05C16$p20137299$r2021-09-09 00:00:00$w2021-01-12$yBOO
=952  \\$00$10$2ddc$3vol. 3$40$6KTS_1_000000000000000_C1_31_05C17$70$8RAR$920581$aORPH$bORPH$cKTS1_C1$d2020-07-08$eKoopman$l0$oKTS1 C1.31 05C17$p20137300$r2021-09-09 00:00:00$w2021-01-12$yBOO
=999  \\$d998

