=LDR  00893    a2200229   4500
=001  999
=008  210909s1755\\\\||||||||\||||\00|\d\eng\d
=041  \\$aeng
=100  \\$aVilliers, George$4aut$95693
=245  \\$aThe Rehearsal
=260  \\$aEdinburgh$bHamilton$bBalfowr$c1755
=300  \\$a82 pages
=336  \\$abook
=336  \\$aprinted
=500  \\$aPremiered in 1671, originally published in 1672
=648  \0$a18th Century (1701-1800)$1http://www.wikidata.org/entity/Q7015$920899
=650  \0$aPlay (theater)$1http://www.wikidata.org/entity/Q25379$921414
=650  \0$aSatire$1http://www.wikidata.org/entity/Q128758$921636
=856  4\$uEighteenth-Century Collections Online
=942  \\$cBOO
=952  \\$00$10$2ddc$40$6KTS_1_000000000000000_C1_31_05C18$70$8RAR$9999$aORPH$bORPH$cKTS1_C1$d2020-07-08$eKoopman$i05C18$oKTS1 C1.31 05C18$p20137298$r2021-01-12 00:00:00$w2021-01-12$yBOO
=999  \\$d999

