=LDR  01124aam a2200241   4500
=001  1002
=008  211005s1765\\\\|||a||||\||||\00|\f\fre\d
=041  \\$afre
=100  \\$aFénelon, François$d1651-1715$4aut$1http://www.wikidata.org/entity/Q310002$95697
=245  \\$aLes Aventures de Télémaque, fils d'Ulysse
=260  \\$aLondon$bHofhout$c1765
=300  \\$a2 vols. (xlviii-236-[10]+288-[10] pages), 11 plates
=500  \\$aFrontispiece in red and black ink
=534  \\$aOriginally published in 1699
=590  \\$asuivant l'édition faite en 1725 à Rotterdam
=648  \0$a18th Century (1701-1800)$1http://www.wikidata.org/entity/Q7015$920899
=650  \0$aNovel$1http://www.wikidata.org/entity/Q8261$921629
=650  \0$aMythology$1http://www.wikidata.org/entity/Q9134$921600
=650  \0$aEducation$1http://www.wikidata.org/entity/Q8434$926206
=651  \0$aFrance$1http://www.wikidata.org/entity/Q142$9131
=942  \\$cBOO
=952  \\$00$10$2ddc$40$6KTS_1_000000000000000_C1_37_05C21$70$8RAR$91002$aORPH$bORPH$cKTS1_C1$d2020-07-08$eKoopman$oKTS1 C1.37 05C21$p20134195$r2021-01-12 00:00:00$w2021-01-12$yBOO
=999  \\$d1002

