=LDR  01358    a2200277   4500
=001  1005
=008  211005s1529\\\\||||||||\||||\00|\0\lat\d
=041  \\$alat$hgrc
=100  \\$aPhrygius, Dares$d5th century$4aut$1http://www.wikidata.org/entity/Q544378$95971
=245  \\$aDaretis Phrygii de Excidio Troiæ liber
=260  \\$aBasel$bCratander$c1529
=300  \\$a[44] pages
=336  \\$aprinted
=500  \\$aDares Phrygius, wrote Homer, was a Trojan priest
=500  \\$aMs. notes throughout the book
=501  \\$aDictys Cretensis de Bello Troiano libri VI
Declamationes Tres Eiusdem Ferè Argumenti
=648  \0$aClassical Antiquity (8th Century BC-6th Century AD)$1http://www.wikidata.org/entity/Q486761$921435
=648  \0$a16th Century (1501-1600)$1http://www.wikidata.org/entity/Q7017$920944
=650  \0$aHistory$1http://www.wikidata.org/entity/Q309$921403
=650  \0$aMythology$1http://www.wikidata.org/entity/Q9134$921600
=700  \\$4trl$aNepos, Cornelius$dc. 110 BC-c. 25 BC$1http://www.wikidata.org/entity/Q109594$921561
=773  \\$01006$tBello Troiano libri VI$w1006
=856  4\$uhttp://www.lovaniensia.be/items/show/1320/
=942  \\$cBOO
=952  \\$00$10$2ddc$40$6KTS_1_000000000000000_C1_38_05C23B$70$8RAR$91005$aORPH$bORPH$cKTS1_C1$d2020-07-08$eKoopman$i05C23b$oKTS1 C1.38 05C23b$r2021-01-12 00:00:00$w2021-01-12$yBOO
=999  \\$d1005

