=LDR  00995    a2200241   4500
=001  1008
=008  210603s1685\\\\\\\|||||\||||\00|\0\dut\d
=041  \\$adut
=059  \\$av
=100  \\$aUilenbroek, Hendrik$4aut$95704
=245  \\$aChristelijke gezangen
=260  \\$aAmsterdam$bvan Someren$c1685
=300  \\$a[xiii]-328-101 pages
=336  \\$anotated music
=336  \\$aprinted
=500  \\$a12th reprint
=534  \\$c1665
=590  \\$aWederom overgezien, verbeterd, met verscheydene Nieuwe vermeerdert, en op Muzyknooten gestelt.
Met een vervolg, of tweede Deel, 't welk op nieuws met twee Gezangen is vermeerdert.
=648  \0$a17th Century (1601-1700)$1http://www.wikidata.org/entity/Q7016$920923
=650  \0$aSong$1http://www.wikidata.org/entity/Q7366$94164
=942  \\$cSCO
=952  \\$00$10$2ddc$40$6KTS_1_000000000000000_C1_05_05D01$70$8RAR$91008$aORPH$bORPH$cKTS1_C1$d2020-07-08$eKoopman$i05D01$l0$oKTS1 C1.05 05D01$p20135840$r2021-01-12 00:00:00$w2021-01-12$ySCO
=999  \\$c1008$d1008

