=LDR  00991    a2200241   4500
=001  1010
=008  210603s1637\\\\\\\|||||\||||\00|\p\ita\d
=041  \\$aita$hlat
=100  \\$aOvidius$d43 BC-17$4aut$1http://www.wikidata.org/entity/Q7198$95683
=245  \\$aLe metamorfosi
=260  \\$aVenice$bMiserini$c1637
=300  \\$a[400] pages
=336  \\$abook
=336  \\$aprinted
=500  \\$aOriginally published in 1591
=500  \\$avery important translation
=648  \0$aClassical Antiquity (8th Century BC-6th Century AD)$1http://www.wikidata.org/entity/Q486761$921435
=650  \0$aMythology$1http://www.wikidata.org/entity/Q9134$921600
=650  \0$aPoetry$1http://www.wikidata.org/entity/Q482$93026
=700  \\$4trl$aAnguillara, Giovanni Andrea dall'$95705
=942  \\$cBOO
=952  \\$00$10$2ddc$40$6KTS_1_000000000000000_C1_05_05D03$70$8RAR$91010$aORPH$bORPH$cKTS1_C1$d2020-07-08$eKoopman$i05D03$l0$oKTS1 C1.05 05D03$p20135838$r2021-01-12 00:00:00$w2021-01-12$yBOO
=999  \\$c1010$d1010

