=LDR  01132aam a2200229   4500
=001  1013
=008  210604s1736\\\\\\\|||||\||||\00|\0\dut\d
=041  \\$adut
=100  \\$aSatiricus, Silius$4aut$95709
=245  \\$aColloquia satirico-moralia$bof Berispende en zedekundige samenspraken
=260  \\$aAmsterdam$bLoveringh$c1736
=300  \\$a[iv]-295 pages$billustrations
=500  \\$adialogues between allegorical characters, e.g. De Boertery vs. De Ernstigheid
=590  \\$aVerhandelende op een Vrolyke en Ernstige wys de gebreken deze Eeuw
=648  \0$a18th Century (1701-1800)$1http://www.wikidata.org/entity/Q7015$920899
=650  \0$aPlay (theater)$1http://www.wikidata.org/entity/Q25379$921414
=650  \0$aSatire$1http://www.wikidata.org/entity/Q128758$921636
=650  \0$aMoral education$1http://www.wikidata.org/entity/Q25457248$93171
=856  \\$uhttps://books.google.be/books?id=YqozDErt9l8C$3Google Books
=942  \\$cBOO
=952  \\$00$10$2ddc$40$6KTS_1_000000000000000_C1_05_05D07$70$8RAR$91013$aORPH$bORPH$cKTS1_C1$d2020-07-08$eKoopman$l0$oKTS1 C1.05 05D07$p20136529$r2021-01-12 00:00:00$w2021-01-12$yBOO
=999  \\$d1013

