=LDR  01429    a2200301   4500
=001  1014
=008  210604s1756\\\\\\\|||||\||||\00|\0\eng\d
=041  \\$aeng
=059  \\$akbd
=100  \\$aBremner, Robert$d1713/20-1789$4aut$1http://www.wikidata.org/entity/Q7342331$97639
=245  \\$aThe Rudiments of Music
=250  \\$a1st ed.
=260  \\$aEdinburgh$bBremner$c1756
=300  \\$ax-35-52$bfolded pages
=336  \\$abook
=336  \\$anotated music
=336  \\$aprinted
=500  \\$aBremner was a Scottish publisher who in 1754 set up a printing company in Edinburgh (see this print and 09K25) which moved to London around 1762
=500  \\$aMs. notes of music examples on the last pages
=590  \\$aor a Short and Easy Treatise on that Subject. To Which is added, a collection of the best Churchtunes, Canons and Anthems.
=648  \0$a18th Century (1701-1800)$1http://www.wikidata.org/entity/Q7015$920899
=650  \0$aBibliography$1http://www.wikidata.org/entity/Q134995$93965
=650  \0$aMusic theory$1http://www.wikidata.org/entity/Q193544$92662
=650  \0$aSong$1http://www.wikidata.org/entity/Q7366$94164
=856  \\$uhttps://www.loc.gov/item/08019850/$3Library of Congress
=942  \\$cBOO
=952  \\$00$10$2ddc$40$6KTS_1_000000000000000_C1_05_05D09$70$8RAR$91014$aORPH$bORPH$cKTS1_C1$d2020-07-08$eKoopman$i05D09$l0$oKTS1 C1.05 05D09$p20136536$r2021-01-12 00:00:00$w2021-01-12$yBOO
=999  \\$c1014$d1014

