=LDR  01574    a2200289   4500
=001  1016
=008  210604s1715\\\\\\\|||||\||||\00|\0\fre\d
=041  \\$afre
=245  \\$aHistoire de la musique, et de ses effets, depuis son origine jusqu'à present
=260  \\$aParis$bCochart$bGaneau$bQuillau$c1715
=300  \\$a[xiv]-487-[1] pages
=336  \\$atext
=336  \\$aprinted
=500  \\$aThe second history of music to appear in print, after Wolfgang Caspar Printz's 'Historische Beschreibung der edelen Sing- und Kling-Kunst ' (1690; see 15C03).
=500  \\$aThis work was begun by Pierre Bourdelot, continued by Bourdelot's nephew Pierre Bonnet, and completed and published by Bonnet's brother Jacques.
=500  \\$aManuscript note offering info on the 2nd  ed. of 1724 and rev. ed. from 1743
=561  \\$aEx libris D. G. (ms.)
=648  \0$a18th Century (1701-1800)$1http://www.wikidata.org/entity/Q7015$920899
=650  \0$aMusic history$1http://www.wikidata.org/entity/Q846047$921373
=650  \0$aMusic criticism$1http://www.wikidata.org/entity/Q11748889$921598
=700  \\$4aut$aBourdelot, Pierre$d1610-1685$1http://www.wikidata.org/entity/Q463469$95712
=700  \\$4aut$aBonnet, Pierre$d1638-1708$95713
=700  \\$4aut$aBonnet, Jacques$d1644-1724$95714
=856  \\$uhttps://www.loc.gov/item/03016278/$3Library of Congress
=942  \\$cBOO
=952  \\$00$10$2ddc$40$6KTS_1_000000000000000_C1_05_05D11$70$8RAR$91016$aORPH$bORPH$cKTS1_C1$d2020-07-08$eKoopman$i05D11$l0$oKTS1 C1.05 05D11$p20136531$r2021-01-12 00:00:00$w2021-01-12$yBOO
=999  \\$c1016$d1016

