=LDR  11827aam a2202233   4500
=001  1018
=008  210604s1775\\\\\\\|||||\||||\00|\0\eng\d
=041  \\$aeng
=100  \\$aAvison, Charles$d1709-1770$4aut$1http://www.wikidata.org/entity/Q1063634$94775
=245  \\$aAn Essay on Musical Expression
=250  \\$a3rd ed.
=260  \\$aLondon$bDavis$c1775
=300  \\$aviii-221-[2] pages$bfolded sheets, music examples
=534  \\$c1752
=561  \\$aEx libris Thomas Francis Fowler (stamps)
=648  \0$a18th Century (1701-1800)$1http://www.wikidata.org/entity/Q7015$920899
=650  \0$aMusic theory$1http://www.wikidata.org/entity/Q193544$92662
=650  \0$aMusic criticism$1http://www.wikidata.org/entity/Q11748889$921598
=650  \0$aMusic history$1http://www.wikidata.org/entity/Q846047$921373
=653  \0$aacciaccatura$3118$020136544$w05D15$928450
=653  \0$aacciaccatura$3118$020136544$w05D15$928450
=653  \0$aafwisseling$329, 35, 74$020136544$w05D15$928514
=653  \0$aafwisseling$329, 35, 74$020136544$w05D15$928514
=653  \0$aAlberti$335, 149$020136544$w05D15$928559
=653  \0$aAlberti$335, 149$020136544$w05D15$928559
=653  \0$aAllegri$344$020136544$w05D15$928603
=653  \0$aAllegri$344$020136544$w05D15$928603
=653  \0$aartikulatie$3125, 126$020136544$w05D15$928817
=653  \0$aartikulatie$3125, 126$020136544$w05D15$928817
=653  \0$aAstorga, d'$336, 83$020136544$w05D15$928846
=653  \0$abasso continuo$3116, 117, 118, 120, 121, 122$020136544$w05D15$929163
=653  \0$aboekprijs$3223, 224$020136544$w05D15$929701
=653  \0$aboekprijs$3223, 224$020136544$w05D15$929701
=653  \0$abc$3116-118, 120-122$020136544$w05D15$929236
=653  \0$aBononcini, G.$336, 68, 215$020136544$w05D15$929759
=653  \0$aBononcini, G.$336, 68, 215$020136544$w05D15$929759
=653  \0$aBull, J.$341, 215, 216$020136544$w05D15$930014
=653  \0$aBull, J.$341, 215, 216$020136544$w05D15$930014
=653  \0$aByrd, W.$3141$020136544$w05D15$930089
=653  \0$aByrd, W.$341$020136544$w05D15$930089
=653  \0$aCaldara, A.$346, 82$020136544$w05D15$930130
=653  \0$aCaldara, A.$346, 82$020136544$w05D15$930130
=653  \0$aCarissimi$344, 85$020136544$w05D15$930243
=653  \0$aCarissimi$344, 85$020136544$w05D15$930243
=653  \0$amuziekgeschiedenis$3tp, 135-170$020136544$w05D15$935073
=653  \0$amuziekgeschiedenis$3tp, 135-170$020136544$w05D15$935073
=653  \0$amuziekkritiek$3173-$020136544$w05D15$935083
=653  \0$amuziekkritiek$3173-$020136544$w05D15$935083
=653  \0$aCorelli, A.$332, 34, 46, 83, 84, 132, 180, 181$020136544$w05D15$930736
=653  \0$aCorelli, A.$332, 34, 46, 83, 84, 132, 180, 181$020136544$w05D15$930736
=653  \0$aorganist$379, 81$020136544$w05D15$935454
=653  \0$aorganist$379, 81$020136544$w05D15$935454
=653  \0$aorgel_in middeleeuwen$3162, 163$020136544$w05D15$935509
=653  \0$aorgel_in middeleeuwen$3162, 163$020136544$w05D15$935509
=653  \0$aorgelbc$3120-122$020136544$w05D15$935537
=653  \0$aorgelbc$3120, 121, 122$020136544$w05D15$935537
=653  \0$ad'Astorga$336, 83$020136544$w05D15$930892
=653  \0$aorgelconcerti$3120$020136544$w05D15$935549
=653  \0$aorgelconcerti$3120$020136544$w05D15$935549
=653  \0$aorgelregistratie$3120, 121$020136544$w05D15$935575
=653  \0$aorgelregistratie$3120, 121$020136544$w05D15$935575
=653  \0$aoud-nieuw$3135-170$020136544$w05D15$935651
=653  \0$aoud-nieuw$3135-170$020136544$w05D15$935651
=653  \0$aoude muziek vroeger$335-37, 39, 41, 43-45, 68, 82-92$020136544$w05D15$935658
=653  \0$aoude muziek vroeger$335, 36, 37, 39, 41, 43, 44, 45, 68, 82, 83-92$020136544$w05D15$935658
=653  \0$adiminuties$3v, 123, 128, 129$020136544$w05D15$931087
=653  \0$adiminuties$3v, 123, 128, 129$020136544$w05D15$931087
=653  \0$aPepusch$3147, 165$020136544$w05D15$935846
=653  \0$aPepusch$3147, 165$020136544$w05D15$935846
=653  \0$aPergolesi$336, 68, 83$020136544$w05D15$935854
=653  \0$aPergolesi$336, 68, 83$020136544$w05D15$935854
=653  \0$aDubos, abbé$3176$020136544$w05D15$931258
=653  \0$aDubos, Abbé$3176$020136544$w05D15$931259
=653  \0$adwarsfluit$399, 100$020136544$w05D15$931340
=653  \0$adwarsfluit$399, 100$020136544$w05D15$931340
=653  \0$adynamiek$3124-127$020136544$w05D15$931346
=653  \0$adynamiek$3124, 125, 126, 127$020136544$w05D15$931346
=653  \0$aemoties$32-18, 39, 56, 59, 64, 65, 94$020136544$w05D15$931445
=653  \0$aemoties$32, 3-18, 39, 56, 59, 64, 65, 94$020136544$w05D15$931445
=653  \0$aenharmoniek$362, 65, 145$020136544$w05D15$931476
=653  \0$aenharmoniek$362, 65, 145$020136544$w05D15$931476
=653  \0$afagot$3100, 115$020136544$w05D15$931585
=653  \0$afagot$3100, 115$020136544$w05D15$931585
=653  \0$aPurcell, H.$345$020136544$w05D15$936282
=653  \0$aPurcell, H.$345$020136544$w05D15$936282
=653  \0$asolmisatie$3184$020136544$w05D15$936344
=653  \0$asolmisatie$3184$020136544$w05D15$936344
=653  \0$afondscatalogus$3223, 224$020136544$w05D15$931799
=653  \0$afondscatalogus$3223-224$020136544$w05D15$931799
=653  \0$aSteffani$344$020136544$w05D15$936524
=653  \0$aSteffani$344$020136544$w05D15$936524
=653  \0$aStradella$344$020136544$w05D15$936615
=653  \0$aStradella$344$020136544$w05D15$936615
=653  \0$aTallis, T.$344$020136544$w05D15$936730
=653  \0$aTallis, T.$344$020136544$w05D15$936730
=653  \0$aGasparini$382$020136544$w05D15$932014
=653  \0$aGasparini$382$020136544$w05D15$932014
=653  \0$aGeminiani$391-94, 110-112, 118, 132, 215$020136544$w05D15$932109
=653  \0$aGeminiani$391, 92-94, 110, 111, 112, 118, 132, 215$020136544$w05D15$932109
=653  \0$atempo$378-80, 107-111, 152, 153$020136544$w05D15$936814
=653  \0$aGiardini$3105$020136544$w05D15$932181
=653  \0$aGiardini$3105$020136544$w05D15$932181
=653  \0$atempo van gemeentezang$378, 79, 80$020136544$w05D15$936824
=653  \0$atempo_van gemeentezang$378-80$020136544$w05D15$936836
=653  \0$aTerradellas$335$020136544$w05D15$936859
=653  \0$aTerradellas$335$020136544$w05D15$936859
=653  \0$aTessarini$335$020136544$w05D15$936870
=653  \0$aTessarini$335$020136544$w05D15$936870
=653  \0$agotiek$340, 41, 85$020136544$w05D15$932284
=653  \0$aTosi$372$020136544$w05D15$937039
=653  \0$aTosi$372$020136544$w05D15$937039
=653  \0$atrompet$3100, 101$020136544$w05D15$937194
=653  \0$atrompet$3100, 101$020136544$w05D15$937194
=653  \0$aHasse$335$020136544$w05D15$932603
=653  \0$aHasse$335$020136544$w05D15$932603
=653  \0$aVinci, L.$336$020136544$w05D15$937559
=653  \0$aVinci, L.$336$020136544$w05D15$937559
=653  \0$avingerzetting$3120$020136544$w05D15$937568
=653  \0$avingerzetting$3120$020136544$w05D15$937568
=653  \0$ahoorn$3100, 101$020136544$w05D15$932928
=653  \0$ahoorn$3100, 101$020136544$w05D15$932928
=653  \0$aVivaldi, A.$335 (sic), 95, 96, 149$020136544$w05D15$937660
=653  \0$aimitatie van vogels$395-97$020136544$w05D15$933050
=653  \0$aimitatie_van doedelzak$395-97$020136544$w05D15$933051
=653  \0$aimitatie_van hoorn$395-97$020136544$w05D15$933053
=653  \0$aimitatie_van vogels$395-97$020136544$w05D15$933054
=653  \0$awaterorgel$3161, 164$020136544$w05D15$937876
=653  \0$awaterorgel$3161, 164$020136544$w05D15$937876
=653  \0$aklavecimbel_Engeland 18e eeuw$3101, 116$020136544$w05D15$933483
=653  \0$aklavecimbel_Engeland 18e eeuw$3101, 116$020136544$w05D15$933483
=653  \0$aRaguenet$355, 56$020136544$w05D15$938215
=653  \0$aRaguenet$355, 56$020136544$w05D15$938215
=653  \0$aRameau, J.P.$346, 47, 48, 70, 71, 120, 185-187, 205, 211$020136544$w05D15$938224
=653  \0$aRameau, J.Ph.$346-48, 70, 71, 120, 185-187, 205, 211$020136544$w05D15$938230
=653  \0$aklavecimbelconcerti$3119, 120$020136544$w05D15$933531
=653  \0$aklavecimbelconcerti$3119, 120$020136544$w05D15$933531
=653  \0$akoor/orkestbezetting$3113-116, 119$020136544$w05D15$933678
=653  \0$akoor/orkestbezetting$3113-116, 119$020136544$w05D15$933678
=653  \0$akwint/oktaafparallellen$3198, 200$020136544$w05D15$933824
=653  \0$akwint/oktaafparallellen$3198, 200$020136544$w05D15$933824
=653  \0$aScarlatti, A.$346-48, 211$020136544$w05D15$938789
=653  \0$aScarlatti, A.$346, 47, 48, 211$020136544$w05D15$938789
=653  \0$aScarlatti, D.$346-48, 211$020136544$w05D15$938790
=653  \0$aLocatelli$335$020136544$w05D15$934167
=653  \0$aLocatelli$335$020136544$w05D15$934167
=653  \0$aLotti$382$020136544$w05D15$934226
=653  \0$aLotti$382$020136544$w05D15$934226
=653  \0$aLully, J.B.$347, 48, 211$020136544$w05D15$934276
=653  \0$aLully, J.B.$347, 48, 211$020136544$w05D15$934276
=653  \0$aMarcello, B.$388-90, 190, 191$020136544$w05D15$934447
=653  \0$aMarcello, B.$388, 89, 90, 190, 191$020136544$w05D15$934447
=653  \0$amessa di voce$3116, 125$020136544$w05D15$934702
=653  \0$amessa di voce$3116, 125$020136544$w05D15$934702
=653  \0$aMorley, Th.$3171, 196, 197$020136544$w05D15$934893
=653  \\$a(on)geschiktheid van instrument$398-104$928350$020136544$w05D15
=653  \\$aAbercorn$3184, 198$928428$020136544$w05D15
=653  \\$aAbercorn$3184, 198$928428$020136544$w05D15
=653  \\$abc speelt uit partituur$3121, 132$929274$020136544$w05D15
=653  \\$abc speelt uit partituur$3121, 132$929274$020136544$w05D15
=653  \\$acouplet_lied$373, 74$930803$020136544$w05D15
=653  \\$acoupletlied$373, 74$930804$020136544$w05D15
=653  \\$aCroft$3198, 200, 203$930856$020136544$w05D15
=653  \\$aCroft$3198, 200, 203$930856$020136544$w05D15
=653  \\$adrukfouten$3203$931221$020136544$w05D15
=653  \\$adrukfouten$3203$931221$020136544$w05D15
=653  \\$aHändel, G.F._na dood$347, 48, 54-58, 144, 145, 203, 211, 212, 215, 217$932543$020136544$w05D15
=653  \\$aHändel, G.F._na dood$347, 48, 54, 55, 56, 57, 58, 144, 145, 203, 211, 212, 215, 217$932543$020136544$w05D15
=653  \\$ahobo$348, 105$932805$020136544$w05D15
=653  \\$ahobo$398, 105$932805$020136544$w05D15
=653  \\$aimitatie_van hond$395-97$933052$020136544$w05D15
=653  \\$aJortin$3174, 135-170$933250$020136544$w05D15
=653  \\$aJortin, Dr.$3174$933251$020136544$w05D15
=653  \\$aLampugnani$335$933875$020136544$w05D15
=653  \\$aLampugnani$335$933875$020136544$w05D15
=653  \\$aMorley, Thomas$3171, 196, 197$95578$020136544$w05D15
=653  \\$amuziek_en schilderkunst$318-25, 36, 84-86, 126, 176, 177$935042$020136544$w05D15
=653  \\$amuziek_en schilderkunst$318-25, 36, 84-86, 126, 176, 177$935042$020136544$w05D15
=653  \\$aoktaveren$3128$935354$020136544$w05D15
=653  \\$aoktaviëren$3128$935356$020136544$w05D15
=653  \\$aPalestrina_na dood$337, 38, 44, 45, 85$935726$020136544$w05D15
=653  \\$aPalestrina_na dood$337, 38, 44, 45, 85$935726$020136544$w05D15
=653  \\$aPorpora$335, 69$936084$020136544$w05D15
=653  \\$aPorpora$335, 69$936084$020136544$w05D15
=653  \\$apsalm en tussenspel$371$936234$020136544$w05D15
=653  \\$apsalm_en tussenspel$381$936238$020136544$w05D15
=856  \\$uhttps://imslp.org/wiki/An_Essay_on_Musical_Expression_(Avison%2C_Charles)$3International Music Score Library Project
=942  \\$cBOO
=952  \\$00$10$2ddc$40$6KTS_1_000000000000000_C1_05_05D15$70$8RAR$91018$aORPH$bORPH$cKTS1_C1$d2020-07-08$eKoopman$i05D15$l0$oKTS1 C1.05 05D15$p20136544$r2021-01-12 00:00:00$w2021-01-12$yBOO
=999  \\$d1018

