=LDR  01096aam a2200229   4500
=001  1019
=008  210324s1801\\\\\\\|||||\||||\00|\0ager\d
=041  \\$ager
=100  \\$aDittersdorf, Karl Ditters von$d1739-1799$4aut$1http://www.wikidata.org/entity/Q78522$97659
=245  \\$aLebensbeschreibung
=250  \\$a1st ed.
=260  \\$aLeipzig$bBreitkopf & Härtel$c1801
=300  \\$axvi-294 pages
=563  \\$aRestored by Elke De Smet, February-March 2021
=648  \0$a18th Century (1701-1800)$1http://www.wikidata.org/entity/Q7015$920899
=650  \0$aMusic history$1http://www.wikidata.org/entity/Q846047$921373
=650  \0$aBiography$1http://www.wikidata.org/entity/Q36279$91927
=651  \0$aAustria$1http://www.wikidata.org/entity/Q40$9202
=856  \\$uhttps://imslp.org/wiki/Lebensbeschreibung_(Dittersdorf%2C_Carl_Ditters_von)$3International Music Score Library Project
=942  \\$cBOO
=952  \\$00$10$2ddc$40$6KTS_1_000000000000000_C1_05_05D17$70$8RAR$91019$aORPH$bORPH$cKTS1_C1$d2020-07-08$eKoopman$i05D17$l0$oKTS1 C1.05 05D17$p20136545$r2021-01-12 00:00:00$w2021-01-12$yBOO
=999  \\$d1019

