=LDR  01374    a2200313   4500
=001  1024
=008  210607s1788\\\\\\\||k||\||||\00|\0\eng\d
=041  \\$aeng
=059  \\$av
=245  \\$aCalliope or The Vocal Enchantress, a Collection of English, Scots and Irish Songs Set to Music
=260  \\$aLondon; Edinburgh$bElliott$c1788
=300  \\$aviii-472 pages
=336  \\$anotated music
=336  \\$aprinted
=500  \\$aFolksongs
=500  \\$amelody followed by written strophes
=504  \\$aindex
=648  \0$a18th Century (1701-1800)$1http://www.wikidata.org/entity/Q7015$920899
=650  \0$aSong$1http://www.wikidata.org/entity/Q7366$94164
=650  \0$aSong$1http://www.wikidata.org/entity/Q7366$94164
=650  \0$aFolk music$1http://www.wikidata.org/entity/Q43343$921594
=650  \0$aSong$1http://www.wikidata.org/entity/Q7366$94164
=651  \0$aIreland$1http://www.wikidata.org/entity/Q27$9219
=651  \0$aScotland$1http://www.wikidata.org/entity/Q22$921258
=651  \0$aUnited Kingdom$1http://www.wikidata.org/entity/Q21$9273
=856  \\$uhttps://archive.org/details/calliopeormusica00lond/page/n8$3Internet Archive
=942  \\$cSCO
=952  \\$00$10$2ddc$40$6KTS_1_000000000000000_C1_05_05D22$70$8RAR$91024$aORPH$bORPH$cKTS1_C1$d2020-07-08$eKoopman$i05D22$l0$oKTS1 C1.05 05D22$p20136549$r2021-01-12 00:00:00$w2021-01-12$ySCO
=999  \\$c1024$d1024

