=LDR  01503aam a2200301   4500
=001  1028
=005  20250925143255.0
=008  210607s1912\\\\\\\|||||\||||\00|\0\ger\d
=041  \\$ager
=100  \\$aSpemann, Wilhelm$d1844-1910$4edt$1http://www.wikidata.org/entity/Q100327$95732
=245  \\$aSpemanns goldenes Buch der Musik:$beine Hauskunde für Jedermann
=250  \\$aDurchgesehene und ergänzte neue Auflage
=260  \\$aStuttgart$bSpemann$c1912
=300  \\$a973 pages
=500  \\$aMusic encyclopedia, first published in 1900.
=504  \\$aIncludes an index
=648  \0$a20th Century (1901-2000)$1http://www.wikidata.org/entity/Q6927$920936
=650  \0$aMethod$1http://www.wikidata.org/entity/Q2250960$921402
=650  \0$aMusicology$1http://www.wikidata.org/entity/Q164204$93925
=650  \0$aBiography$1http://www.wikidata.org/entity/Q36279$91927
=650  \0$aMusic history$1http://www.wikidata.org/entity/Q846047$921373
=651  \0$aGermany$1http://www.wikidata.org/entity/Q183$9155
=700  \\$4edt$4aut$aAbert, Hermann$d1871-1927$911159
=700  \\$4edt$4aut$aRiemann, Hugo$d1849-1919$1http://www.wikidata.org/entity/Q213539$916448
=856  \\$uhttps://books.google.be/books/about/Spemanns_goldenes_Buch_der_Musik.html?id=GRA6AAAAIAAJ&redir_esc=y$3Google Books
=942  \\$cBOO
=952  \\$00$10$2ddc$40$6KTS_1_000000000000000_C1_06_05E05$70$8RAR$91028$aORPH$bORPH$cKTS1_C1$d2020-07-08$eKoopman$l0$oKTS1 C1.06 05E05$p20136554$r2021-01-12 00:00:00$w2021-01-12$yBOO
=999  \\$d1028

