=LDR  01206aam a2200241   4500
=001  1031
=008  210607s1727\\\\\\\a||||\||||\00|\0\ger\d
=041  \\$ager
=100  \\$aArndt, Johann$d1555-1621$4aut$1http://www.wikidata.org/entity/Q61359$95736
=245  \\$aVier Bücher vom wahren Christentuhm; Paradiesgarten
=260  \\$aHamburg$bHolle$c1727
=300  \\$a[vi]-856-[vii]+[xviii]322-[8] pages$billustrations
=500  \\$aJohann Arndt (also Arnd, 1555-1621) was a Lutheran theologian and forerunner of Pietism who published influential books on devotion
=504  \\$aContains an index
=534  \\$aOriginally published in 1605-10
=648  \0$a17th Century (1601-1700)$1http://www.wikidata.org/entity/Q7016$920923
=650  \0$aLutheranism$1http://www.wikidata.org/entity/Q75809$923975
=650  \0$aPietism$1http://www.wikidata.org/entity/Q193664$923132
=650  \0$aPrayer$1http://www.wikidata.org/entity/Q40953$921486
=651  \0$aGermany$1http://www.wikidata.org/entity/Q183$9155
=942  \\$cBOO
=952  \\$00$10$2ddc$40$6KTS_1_000000000000000_C1_06_05E08$70$8RAR$91031$aORPH$bORPH$cKTS1_C1$d2020-07-08$eKoopman$l0$oKTS1 C1.06 05E08$p20136557$r2021-01-12 00:00:00$w2021-01-12$yBOO
=999  \\$d1031

