=LDR  00930    a2200193   4500
=001  1032
=008  210309b\\\\\\\\be\|||||\||||\00|\0\eng\d
=041  \\$afre$alat
=245  \\$a[Account book?]
=260  \\$as.l.$c1637-41
=300  \\$a124 pages$bdos-à-dos binding: 87 pages in one direction, 37 pages upside down
=500  \\$aMedieval text cover
=500  \\$aBook of accounts (?) with expenses from 1637, 1638 & 1641, memoirs, description of house and garden, and other texts.
=648  \0$a17th Century (1601-1700)$1http://www.wikidata.org/entity/Q7016$920923
=650  \0$aDos-à-dos binding$1http://www.wikidata.org/entity/Q2646019$920970
=942  \\$cMS
=952  \\$00$10$2ddc$40$6KTS_1_000000000000000_C1_06_05E09$70$8RAR$91032$aORPH$bORPH$cKTS1_C1$d2020-07-08$eKoopman$i05E09$l0$oKTS1 C1.06 05E09$p20136093$r2021-01-12 00:00:00$w2021-01-12$yRAR
=999  \\$c1032$d1032
=650  \0$aEconomy$1http://www.wikidata.org/entity/Q159810$921625

