=LDR  01291aam a2200277   4500
=001  1033
=005  20250923161048.0
=008  210607s1756\\\\\\\|||||\||||\00|\0\eng\d
=041  \\$aeng
=100  \\$aTans'ur, William$d1706-1783$4aut$1http://www.wikidata.org/entity/Q4020170$921587
=245  \\$aA New Musical Grammar and Dictionnary.$bOr, a general introduction to the whole art of music
=250  \\$a3rd. Edition with large Additions
=260  \\$aLondon$bBrown$c1756
=300  \\$a4 volumes in 1 (176 pages)$bmusic examples, charts
=500  \\$aCited in Koopman 1985, 118 and 130
=504  \\$aContains an index
=534  \\$aOriginally published in 1746
=648  \0$a18th Century (1701-1800)$1http://www.wikidata.org/entity/Q7015$920899
=650  \0$aMusic theory$1http://www.wikidata.org/entity/Q193544$92662
=650  \0$aMethod$1http://www.wikidata.org/entity/Q2250960$921402
=650  \0$aDictionary$1http://www.wikidata.org/entity/Q23622$921580
=651  \0$aUnited Kingdom$1http://www.wikidata.org/entity/Q21$9273
=942  \\$cBOO
=952  \\$00$10$2ddc$40$6KTS_1_000000000000000_C1_06_05E10$70$8RAR$91033$aORPH$bORPH$cKTS1_C1$d2020-07-08$eKoopman$l0$oKTS1 C1.06 05E10$p20136558$r2021-01-12 00:00:00$w2021-01-12$yBOO
=999  \\$d1033
=533  \\$aDigitized by iGuana, Spring 2025.

