=LDR  01713    a2200253   4500
=001  1034
=008  210607s1781\\\\\\\|||||\||||\00|\0\fre\d
=041  \\$afre
=100  \\$aRousseau, Jean-Jacques$d1712-1778$4aut$1http://www.wikidata.org/entity/Q6527$95214
=245  \\$aTraités sur la musique.
=260  \\$aGeneva$bs.n.$c1781
=300  \\$a395 pages$b5 folded pages musical examples
=336  \\$abook
=336  \\$aprinted
=500  \\$aContains:  Projet concernant de nouveaux signes pour la musique - Dissertation sur la musique moderne - Essai sur l'origine des langues, où il est parlé de la mélodie & de l'imitation musicale - Lettre a Monsieur l'abbé Raynal au sujet d'un nouveau mode de musique, inventé par m. Blainville - Examen de deux principes avancés par m. Rameau, dans sa brochure intitulée: Erreurs sur la musique, dans l'Encyclopédie - Lettre à m. Burney, sur la musique, avec fragmens d'observations sur l'Alceste italien de m. le chevalier Gluck - Extrait d'une reponse du petit faiseur a son préte-nom, sur un morceau de l'Orphée de m. le chevalier Gluck.
=500  \\$a5 folded pages with 14 "Airs principaux du Devin du Village"
=504  \\$aindex
=648  \0$a18th Century (1701-1800)$1http://www.wikidata.org/entity/Q7015$920899
=650  \0$aMusic theory$1http://www.wikidata.org/entity/Q193544$92662
=650  \0$aMusic history$1http://www.wikidata.org/entity/Q846047$921373
=856  \\$uhttps://www.loc.gov/item/31004471/$3Library of Congress
=942  \\$cBOO
=952  \\$00$10$2ddc$40$6KTS_1_000000000000000_C1_06_05E11$70$8RAR$91034$aORPH$bORPH$cKTS1_C1$d2020-07-08$eKoopman$i05E11$l0$oKTS1 C1.06 05E11$p20136559$r2021-01-12 00:00:00$w2021-01-12$yBOO
=999  \\$c1034$d1034

