=LDR  00542    a2200157   4500
=001  1037
=008  210318b\\\\\\\\\\\|||||\||||\00|\0\eng\d
=041  \\$aeng
=100  \\$aDryward, Richard$95740
=245  \\$a[Recipe book]
=260  \\$aLondon$c1819
=300  \\$a98 pages
=942  \\$cMS
=952  \\$00$10$2ddc$40$6KTS_1_000000000000000_C1_06_05E15$70$8RAR$91037$aORPH$bORPH$cKTS1_C1$d2020-07-08$eKoopman$oKTS1 C1.06 05E15$p20136102$r2021-01-12 00:00:00$w2021-01-12$yMS
=999  \\$c1037$d1037
=650  \0$aCookbook$1http://www.wikidata.org/entity/Q605076$921485

