=LDR  01130    a2200241   4500
=001  1038
=008  210607s1801\\\\\\\|||||\||||\00|\0\eng\d
=041  \\$aeng
=100  \\$aBusby, Thomas$d1754-1838$4aut$1http://www.wikidata.org/entity/Q7788082$95213
=245  \\$aA Complete Dictionnary of Music.$bTo which is prefixed a familiar introduction to the first principles of that science
=250  \\$a1st ed.
=260  \\$aLondon$bPhillips$c1801
=300  \\$axxxiii-[290] pages
=336  \\$abook
=336  \\$aprinted
=500  \\$aWritten around 1801
=648  \0$a19th Century (1801-1900)$1http://www.wikidata.org/entity/Q6955$920935
=650  \0$aMusic theory$1http://www.wikidata.org/entity/Q193544$92662
=650  \0$aDictionary$1http://www.wikidata.org/entity/Q23622$921580
=856  \\$uhttps://books.google.be/books/about/A_Complete_Dictionary_of_Music.html?id=ACJeAAAAcAAJ&redir_esc=y$3Google Books
=942  \\$cBOO
=952  \\$00$10$2ddc$40$6KTS_1_000000000000000_C1_06_05E16$70$8RAR$91038$aORPH$bORPH$cKTS1_C1$d2020-07-08$eKoopman$i05E16$l0$oKTS1 C1.06 05E16$p20136561$r2021-01-12 00:00:00$w2021-01-12$yBOO
=999  \\$c1038$d1038

