=LDR  05851aam a2200901   4500
=001  1041
=008  210608s1775\\\\\\\|||||\||||\00|\0\fre\d
=041  \\$afre
=100  \\$aEngramelle, Marie-Dominique-Joseph$d1727-1805$4aut$1http://www.wikidata.org/entity/Q3291745$95742
=245  \\$aLa Tonotechnie,$bou L'Art de noter les cylindres, et tout ce qui est susceptible de notage dans les instrumens de concerts méchaniques
=250  \\$a1st ed.
=260  \\$aParis$bDelaguette$c1775
=300  \\$a[4]-xxvij-236 pages$b8 folded pages, illustrations, music
=500  \\$aThe earliest scientific work published in France to deal with the notation of harpsichord and organ music on a cylinder for mechanical reproduction. It was preceded (1774) by a similar treatise published in Braunschweig by J.F. Unger (cit. Antiquarian).
=500  \\$aEngramelle was a French religious, procurator of the Petits-Augustins convent in Paris, surveyor and topographer, passionate about music and mechanics, and inventor of a musical recording method.

=500  \\$aCited in Koopman 1985, p. 17 and Koopman 2008, p. 6
=500  \\$aThe frontispiece shows a musical instrument workshop.
=561  \\$aEx Libris (Plate)
=610  \0$aAugustinians$1http://www.wikidata.org/entity/Q214528$924760
=648  \0$a18th Century (1701-1800)$1http://www.wikidata.org/entity/Q7015$920899
=650  \0$aOrganology$1http://www.wikidata.org/entity/Q899293$921400
=650  \0$aTechnology$1http://www.wikidata.org/entity/Q11016$921633
=650  \0$aMechanical device$1http://www.wikidata.org/entity/Q1882685$92247
=651  \0$aFrance$1http://www.wikidata.org/entity/Q142$9131
=653  \0$a(in)égal$320, 25, 26, 27, 28, 29, 30, 31, 32, 34, 95, 205, 212, nog een getal maar is van de scan gevallen$020136542$w05E19a$928345
=653  \0$aafwisseling$333, 51, 52, 174, 230, 231, 232$020136542$w5E+019$928514
=653  \0$aappogiatura_lengte van $345, 46$020136542$w5E+019$928744
=653  \0$aartikulatie$313, 17, 18, 20-34, 38, 39, 43-52, 54, 181, 227, 233, pl. iii-v$020136542$w5E+019$928817
=653  \0$aartikulatie$313, 16, 18, 19, 20-22, 23-end$020136542$w05E19a$928817
=653  \0$aautomatisch klavecimbel$3fs, avis, 107$020136542$w5E+019$928880
=653  \0$aautomatische dwarsfluit$3fs, avis, 69, 107$020136542$w5E+019$928881
=653  \0$abeiaard$3xii, 60, 105, 106$020136542$w5E+019$929377
=653  \0$aboogjes$3226, 227, 228$020136542$w05E19a$929771
=653  \0$amuziekautomaten$3wb, vi, 3, 4, 35, 62, 100-103, 111, 173-175$020136542$w5E+019$935067
=653  \0$anotatie$337-52, 52-70, 70-186, 195-$020136542$w5E+019$935283
=653  \0$aCorelli, A.$363$020136542$w5E+019$930736
=653  \0$aCouperin, F.$3x, 63$020136542$w5E+019$930793
=653  \0$aorgel in eredienst$365, 66$020136542$w5E+019$935479
=653  \0$aoverpuncteren$327, 217$020136542$w05E19a$935679
=653  \0$adiminuties$3231, 232$020136542$w05E19a$931087
=653  \0$adrukfouten$3xxviii$020136542$w5E+019$931221
=653  \0$aemoties$314$020136542$w5E+019$931445
=653  \0$aport de voix$344, 45, 46$020136542$w5E+019$936088
=653  \0$afrans - italiaans$3iij$020136542$w05E19a$931871
=653  \0$atempo$39, 10, 11, 59, 68, 116, 181$020136542$w5E+019$936814
=653  \0$atempo$39, 10, 11, 12, 13, 59, 234$020136542$w05E19a$936814
=653  \0$atempo van triller$350$020136542$w05E19a$936830
=653  \0$atoevoegen van trillers etc$3149$020136542$w5E+019$936988
=653  \0$agoût$3iv, v, xxii, xxiii, xxiv, 1-5, 10, 16, 33, 134, 149, 174$020136542$w5E+019$932303
=653  \0$atrillers etc. $313, 34, 35, 40, 44-52, 149$020136542$w5E+019$937147
=653  \0$aVaucanson$369$020136542$w5E+019$937359
=653  \0$ainégal$317, 26, 27, 30-34, 100, 101, 102, 111, 161, 212, 217-223, 228, 229, 230, 231$020136542$w5E+019$933072
=653  \0$ainégal_afwisseling bij $332-34, 230$020136542$w05E19a$933073
=653  \0$ainégalité bij trillers$3205$020136542$w05E19a$933074
=653  \0$ainterpretatie$3alpha, ij, iij, iv, v, xv, xvi, xxi, xxii, 4, 16$020136542$w05E19a$933100
=653  \0$ainterpretatie vroeger$3ii-viii, x, xv, xxii, xxiii, 1-5, 16, 17, 23, 33, 35, 62, 63, 64, 65, 111, 147-$020136542$w5E+019$933102
=653  \0$azang als voorbeeld$315, 16$020136542$w05E19a$938078
=653  \0$aRameau, J.P.$3x, 63$020136542$w5E+019$938224
=653  \0$akwaliteit van uitvoering$3xvi, xix, xx, 65, 147, 167, 170, 171, 173, 174, 175, 182$020136542$w5E+019$933816
=653  \0$aLully, J.B.$3ii, 63$020136542$w5E+019$934276
=653  \0$aMarchand, L.$3ii$020136542$w5E+019$934455
=653  \0$amusette / doedelzak$319$020136542$w05E19a$934966
=653  \\$abovensecundetriller$345, 47, 48-50$929857$020136542$w5E+019
=653  \\$abron voor nageslacht$3ii-v, xv, xvi, xxi, xxii$929953$020136542$w05E19a
=653  \\$acylinder_voordeel van $3ij-v, xv, xvi$930880$020136542$w05E19a
=653  \\$acylindermuziek_doel van $3ij, iij-v, xv, xvi$930881$020136542$w05E19a
=653  \\$ahoofdnoottriller$345-50$932889$020136542$w5E+019
=653  \\$alengte van stuk$311, 12$934042$020136542$w5E+019
=653  \\$aMarchal$3220, 226$97645$020136542$w5E+019
=653  \\$aorganist$365$935454$020136542$w5E+019
=653  \\$asilences d'articulation$318, 19, 20, 25$939120$020136542$w05E19a
=653  \\$atoon na rust$3212$937024$020136542$w05E19a
=653  \\$aUnger, J.F.$3voorblad$937297$020136542$w5E+019
=653  \\$aversnellen van triller$350$937493$020136542$w5E+019
=856  4\$uhttp://ks.imslp.info/files/imglnks/usimg/4/46/IMSLP467393-PMLP655945-latonotechnieoul0000engr.pdf$3IMSLP
=942  \\$cBOO
=952  \\$00$10$2ddc$40$6KTS_1_000000000000000_C1_06_05E19$70$8RAR$91041$aORPH$bORPH$cKTS1_C1$d2020-07-08$eKoopman$oKTS1 C1.06 05E19$p20136542$r2021-01-12 00:00:00$w2021-01-12$yBOO
=999  \\$d1041

