=LDR  01595    a2200277   4500
=001  1042
=008  210608s1794\\\\\\\|||||\||||\00|\0\ger\d
=041  \\$ager
=100  \\$aCave, William$d1637-1713$4aut$1http://www.wikidata.org/entity/Q8006641$95743
=245  \\$aErstes Christenthum.$boder Gottesdienst der alten Christen in den ersten Zeiten des Evangelii
=260  \\$aLeipzig$bFritsch$c1694
=300  \\$a[x]-778-[39] pages
=336  \\$abook
=336  \\$aprinted
=500  \\$aCave's 'Primitive Christianity' was first published 1672. It was dedicated to Nathaniel Crewe, lord bishop of Oxford. 
=500  \\$aThis German translation was dedicated to "Herrn Jacob Wilhelm in Hoff, vornehmen Patricio zu Nürmberg".
Jacob Wilhelm von Imhof (1651-1728)
https://www.deutsche-biographie.de/sfz38918.html
=504  \\$aindex
=648  \0$a17th Century (1601-1700)$1http://www.wikidata.org/entity/Q7016$920923
=650  \0$aReligion$1http://www.wikidata.org/entity/Q9174$93062
=650  \0$aHistory$1http://www.wikidata.org/entity/Q309$921403
=700  \\$4dte$aImhof, Jacob Wilhelm $d1651-1728$1http://www.wikidata.org/entity/Q4200160$921672
=765  \\$aPrimitive Christianity: or, the Religion of the ancient Christians in the first Ages of the Gospel
=856  \\$uhttps://reader.digitale-sammlungen.de/resolve/display/bsb10023753.html$3Bavarian State Library
=942  \\$cBOO
=952  \\$00$10$2ddc$40$6KTS_1_000000000000000_C1_07_05E20$70$8RAR$91042$aORPH$bORPH$cKTS1_C1$d2020-07-08$eKoopman$i05E20$l0$oKTS1 C1.07 05E20$p20136565$r2021-01-12 00:00:00$w2021-01-12$yBOO
=999  \\$c1042$d1042

