=LDR  00511    a2200145   4500
=001  1048
=008  210318b\\\\\\\\\\\|||||\||||\00|\0\ger\d
=041  \\$ager
=245  \\$a[Cookbook]
=260  \\$aGermany$cs.d.
=300  \\$a63 pages
=942  \\$cMS
=952  \\$00$10$2ddc$40$6KTS_1_000000000000000_C1_07_05F04$70$8RAR$91048$aORPH$bORPH$cKTS1_C1$d2020-07-08$eKoopman$i05F04$l0$oKTS1 C1.07 05F04$p20136107$r2021-01-12 00:00:00$w2021-01-12$yMS
=999  \\$c1048$d1048
=650  \0$aCookbook$1http://www.wikidata.org/entity/Q605076$921485

