=LDR  01246aam a2200229   4500
=001  1051
=005  20250925143255.0
=008  210608b\\\\\\\\\\\|||||\||||\00|\0\fre\d
=041  \\$afre
=245  \\$aHistorique de la Société des Instruments Anciens fondée par Henri Casadesus en 1901
=260  \\$aParis$bs.n.$c1921 or later [?]
=500  \\$aThe Casadesus society was located at maison Pleyel-Wolff-Lyon, 22 rue Rochechouart in Paris; it was visited by, among others, Saint-Saëns, Rimsky-Korsakov, Landowska, Enesco, and Casella
=600  \0$aCasadesus, Henri Gustave$d1879-1947$95749
=648  \0$a20th Century (1901-2000)$1http://www.wikidata.org/entity/Q6927$920936
=650  \0$aOrganology$1http://www.wikidata.org/entity/Q899293$921400
=650  \0$aEarly music$1http://www.wikidata.org/entity/Q436016$93160
=651  \0$aParis (France)$1http://www.wikidata.org/entity/Q90$9160
=856  \\$uhttps://drive.google.com/drive/folders/1wh_cWKKp1HzupcujhXbZ8oJSBJCrfvea$3Koopman Digital
=942  \\$cBOO
=952  \\$00$10$2ddc$40$6KTS_1_000000000000000_C1_07_05F07$70$8RAR$91051$aORPH$bORPH$cKTS1_C1$d2020-07-08$eKoopman$oKTS1 C1.07 05F07$p20136578$r2021-01-12 00:00:00$w2021-01-12$yBOO
=999  \\$d1051
=533  \\$aDigitized by iGuana, Spring 2025.

