=LDR  00855aam a2200205   4500
=001  1055
=005  20250923161048.0
=008  210309b\\\\\\\\be\|||||\||||\00|\0\eng\d
=041  \\$aita
=059  \\$av org
=245  \\$aRegola per suonare l'organo e per l'intonazione dei cantori alle messe ai mattutini e vespri
=260  \\$aFlorence$bBrazzini$c1830
=300  \\$a92 pages
=648  \0$a19th Century (1801-1900)$1http://www.wikidata.org/entity/Q6955$920935
=650  \0$aMethod$1http://www.wikidata.org/entity/Q2250960$921402
=650  \0$aChurch music$1http://www.wikidata.org/entity/Q8812109$92283
=942  \\$cBOO
=952  \\$00$10$2ddc$40$6KTS_1_000000000000000_C1_07_05F11$70$8RAR$91055$aORPH$bORPH$cKTS1_C1$d2020-07-08$eKoopman$l0$oKTS1 C1.07 05F11$p20136590$r2021-01-12 00:00:00$w2021-01-12$yBOO
=999  \\$d1055
=533  \\$aDigitized by iGuana, Spring 2025.

