=LDR  01208aam a2200205   4500
=001  1056
=008  210608s1836\\\\\\\|||||\||||\00|\0\dut\d
=041  \\$adut
=245  \\$aHerinnering aan het muzijkfeest gevierd te Amsterdam op den 21 en 22 April 1836
=260  \\$aAmsterdam$bMaatschappij tot Bevordering der Toonkunst$c1836
=300  \\$axii-23 pages
=500  \\$aConcert program with details about repertoire (Van Bree, Naumann, Wilms, van Beethoven, Maurer, Mozart, von Weber, Bertelman and Händel) and its performers (soloists, all members of choir and orchestra).
=610  \0$aMaatschappij tot Bevordering der Toonkunst (Amsterdam, Netherlands)$1http://www.wikidata.org/entity/Q5267136$921676
=648  \0$a19th Century (1801-1900)$1http://www.wikidata.org/entity/Q6955$920935
=650  \0$aMusic history$1http://www.wikidata.org/entity/Q846047$921373
=650  \0$aInstitution$1http://www.wikidata.org/entity/Q178706$94241
=650  \0$aConcert$1http://www.wikidata.org/entity/Q182832$921044
=942  \\$cBOO
=952  \\$00$10$2ddc$40$6KTS_1_000000000000000_C1_07_05F12$70$8RAR$91056$aORPH$bORPH$cKTS1_C1$d2020-07-08$eKoopman$l0$oKTS1 C1.07 05F12$p20136589$r2021-01-12 00:00:00$w2021-01-12$yBOO
=999  \\$d1056

