=LDR  04103aam a2200769   4500
=001  1060
=005  20250925163459.0
=008  210608s1729\\\\\\\|||||\||||\00|\0\ger\d
=041  \\$ager
=059  \\$aorg
=100  \\$aPreus, Georg$4aut$95761
=245  \\$aGrund-Regeln von der Structur und den Requisitis einer untadelhaften Orgel
=260  \\$aHamburg$bBrandt$c1729
=300  \\$a104 pages$billustrations
=590  \\$aworinnen hauptsächlich gezeiget wird, was bey Erbauung einer neuen und Renovirung einer alten Orgel zu beobachten sey, auch wie eine Orgel bey der Üeberlieferung müsse probiret und examiniret werden : in einem Gespräch entworffen

=648  \0$a18th Century (1701-1800)$1http://www.wikidata.org/entity/Q7015$920899
=650  \0$aOrganology$1http://www.wikidata.org/entity/Q899293$921400
=650  \0$aOrgan$1http://www.wikidata.org/entity/Q1444$92810
=653  \0$aa =$354, 97$020136585$w05F16$928388
=653  \0$aBuxtehude, D.$393$020136585$w05F16$930084
=653  \0$amuziek en geneeskunde$39$020136585$w05F16$935001
=653  \0$aCompenius, H.$385$020136585$w05F16$930619
=653  \0$aorganist$389-93$020136585$w05F16$935454
=653  \0$aorgel en gemeentezang$31$020136585$w05F16$935476
=653  \0$aorgel in middeleeuwen$33$020136585$w05F16$935482
=653  \0$aorgel in Oude Testament$31-4, 9, 10$020136585$w05F16$935483
=653  \0$aorgelpijpen$325, 26, 27-30, 47-49, 52-54, 70, 71$020136585$w05F16$935566
=653  \0$aorgelregistratie$334, 64, 67, 68, 73, 74, 97$020136585$w05F16$935575
=653  \0$adiscretion$378$020136585$w05F16$931104
=653  \0$aemoties$310$020136585$w05F16$931445
=653  \0$aPraetorius, M.$368, 70, 86, 88$020136585$w05F16$936131
=653  \0$atabulatuur$393$020136585$w05F16$936719
=653  \0$atemperatuur$37, 54$020136585$w05F16$936807
=653  \0$atongwerken$330-34, 84$020136585$w05F16$937022
=653  \0$atoucher$335, 36, 46, 49, 50, 90$020136585$w05F16$937044
=653  \0$atremulant$334, 64, 65$020136585$w05F16$937097
=653  \0$aHassler, H.L.$386$020136585$w05F16$932613
=653  \0$aWerckmeister, A.$3)(4v, 82, 89, 94$020136585$w05F16$937929
=653  \0$aKircher, A.$39, 10$020136585$w05F16$933414
=653  \0$azuiverheid$360, 61, 62, 70$020136585$w05F16$938176
=653  \0$aReincken, J.$375??$020136585$w05F16$938350
=653  \0$aluit$310$020136585$w05F16$934262
=653  \0$aLustig, W.$3opdracht$020136585$w05F16$934292
=653  \\$acymbelstern$365, 66$930883$020136585$w05F16
=653  \\$agetallensymboliek$3)(3v, )(4v-einde opdracht$932164$020136585$w05F16
=653  \\$ajalousie de métier$313, 14$933180$020136585$w05F16
=653  \\$akerktoonsoorten_karakteristieken$38, 9$933378$020136585$w05F16
=653  \\$aklavecimbel_Duitsland 18e eeuw$374$933479$020136585$w05F16
=653  \\$aMancinus, T.$386$934414$020136585$w05F16
=653  \\$amixtuur met fluitmensuur$396, 97$934780$020136585$w05F16
=653  \\$aMors, A.$386$934896$020136585$w05F16
=653  \\$aorgelbouwer_onbetrouwbaarheid van$313, 14, 18-20$935546$020136585$w05F16
=653  \\$apijplegering$370, 71, 72$935980$020136585$w05F16
=653  \\$aPraetorius, H.$386$936129$020136585$w05F16
=653  \\$aPreuß, G.$3wb, 94$936156$020136585$w05F16
=653  \\$aproefspel$374$936218$020136585$w05F16
=653  \\$arelatiegeschenk$375, 76$938366$020136585$w05F16
=653  \\$asexquialter$371, 72, 73$939080$020136585$w05F16
=653  \\$aSperling, C.$36, 7, 24$936404$020136585$w05F16
=653  \\$aspringlade$344, 45$936448$020136585$w05F16
=653  \\$averschil orgel-klavecimbelspel$374$937470$020136585$w05F16
=653  \\$avox humana$374, 75$937792$020136585$w05F16
=653  \\$aWindprobe$3afb naast 1, 20, 51, 52, 55, 56, 57, 58, 59, 77, 87, 88$937995$020136585$w05F16
=856  \\$uhttps://www.loc.gov/item/08016390/$3Library of Congress
=942  \\$cBOO
=952  \\$00$10$2ddc$40$6KTS_1_000000000000000_C1_07_05F16$70$8RAR$91060$aORPH$bORPH$cKTS1_C1$d2020-07-08$eKoopman$oKTS1 C1.07 05F16$p20136585$r2021-01-12 00:00:00$w2021-01-12$yBOO
=999  \\$d1060

