=LDR  01025aam a2200229   4500
=001  1061
=008  210608s1807\\\\\\\|||||\||||\00|\0\eng\d
=041  \\$aeng
=059  \\$abc
=100  \\$aMarsh, John$d1752-1828$4aut$1http://www.wikidata.org/entity/Q6246830$95762
=245  \\$aA Catechism for the Use of Learners of Thorough-Bass,$bDivided into Sections
=250  \\$a1st ed. [?]
=260  \\$aLondon$bGoulding$c1807
=300  \\$a27 pages
=590  \\$aFor the convenience of the learner and facility of reference
=648  \0$a19th Century (1801-1900)$1http://www.wikidata.org/entity/Q6955$920935
=650  \0$aMethod$1http://www.wikidata.org/entity/Q2250960$921402
=650  \0$aBasso continuo$1http://www.wikidata.org/entity/Q724321$921065
=651  \0$aUnited Kingdom$1http://www.wikidata.org/entity/Q21$9273
=942  \\$cBOO
=952  \\$00$10$2ddc$40$6KTS_1_000000000000000_C1_07_05F17$70$8RAR$91061$aORPH$bORPH$cKTS1_C1$d2020-07-08$eKoopman$l0$oKTS1 C1.07 05F17$p20136584$r2021-01-12 00:00:00$w2021-01-12$yBOO
=999  \\$d1061

