=LDR  01391    a2200313   4500
=001  1063
=008  210608s1758\\\\\\\|||||\||||\00|\d\fre\d
=041  \\$afre
=059  \\$av
=245  \\$aLes Ensorcelés, ou Jeannot et Jeannette, parodie
=246  \1$aLes Ensorcelés, ou La Nouvelle Surprise de L'Amour
=250  \\$a2nd ed.
=260  \\$aParis$bDuchesne$c1758
=300  \\$a[2]-75 pages$bmusical examples
=336  \\$abook
=336  \\$aprinted
=500  \\$athis is a parody of Rameau's 'La surprises de l'amour' (1757)
=648  \0$a18th Century (1701-1800)$1http://www.wikidata.org/entity/Q7015$920899
=650  \0$aLibretto$1http://www.wikidata.org/entity/Q131084$94031
=650  \0$aLibretto$1http://www.wikidata.org/entity/Q131084$94031
=650  \0$aPlay (theater)$1http://www.wikidata.org/entity/Q25379$921414
=651  \0$aFrance$1http://www.wikidata.org/entity/Q142$9131
=700  \\$4aut$aFavart, Justine$d1727-1772$1http://www.wikidata.org/entity/Q443256$95764
=700  \\$4aut$aGuérin de Frémicourt, Jean-Nicolas$95765
=700  \\$4aut$aGuerville, Harny de$95766
=856  \\$uhttps://gallica.bnf.fr/ark:/12148/bpt6k96340967$3Gallica
=942  \\$cBOO
=952  \\$00$10$2ddc$40$6KTS_1_000000000000000_C1_07_05F19$70$8RAR$91063$aORPH$bORPH$cKTS1_C1$d2020-07-08$eKoopman$i05F19$l0$oKTS1 C1.07 05F19$p20136582$r2021-01-12 00:00:00$w2021-01-12$yBOO
=999  \\$c1063$d1063

