=LDR  01975aam a2200313   4500
=001  1064
=005  20250923161048.0
=008  210608s1736\\\\\\\|||||\||||\00|\d\dut\d
=041  \\$adut
=100  \\$aRacine, Jean$d1639-1699$4aut$1http://www.wikidata.org/entity/Q742$95767
=245  \\$aIfigenia in Aulis. Treurspel$bUit het Fransch van de Heer Racine
=260  \\$aAmsterdam$bDuim$c1736
=300  \\$a[4]-72 pages
=500  \\$aOriginally 'Iphigénie' (1674)
=500  \\$athe item in X1A09 is in a collection of 6 libretti bound together
=500  \\$aIzaak Duim (1696-1782), an actor at the Amsterdam Schouwburg, inherited the privilege of printing all plays performed at that venue upon the death of his predecessor, David Ruarus
=500  \\$aengraved title-page with Gérard Lairesse's logo of Nil Volentibus Arduum (society founded by Lodewijk Meyer and Andries Pels, 1669)
=501  \\$aX1A09 is bound with W. vander Hoeven, Isabella Princesse van Iberië, Hof en Landspel / T. Asselijn, Juliaan de Medicis, Treurspel / J. de Marre, Jacoba van Beieren, Treurspel / Crebillon, Idomeneus, Treurspel / Pieter Langendijk, Julius Cezar en Kato, Treurspel.
=648  \0$a18th Century (1701-1800)$1http://www.wikidata.org/entity/Q7015$920899
=650  \0$aPlay (theater)$1http://www.wikidata.org/entity/Q25379$921414
=651  \0$aNetherlands$1http://www.wikidata.org/entity/Q55$9173
=700  \\$4trl$aArents, Thomas$d1652-1701$95768
=765  \\$aIphigénie
=773  \\$05007$t[Collection of 6 Dutch libretti]
=942  \\$cBOO
=952  \\$00$10$2ddc$40$6KTS_1_000000000000000_C1_07_05F20$70$8RAR$91064$aORPH$bORPH$cKTS1_C1$d2020-07-08$eKoopman$l0$oKTS1 C1.07 05F20$p20136581$r2021-01-12 00:00:00$w2021-01-12$yBOO
=952  \\$00$10$2ddc$40$6KTS_1_000000000000000_C3_30_X1A09A$70$8RAR$922944$aORPH$bORPH$cKTS1_C3$d2020-07-08$eKoopman$l0$oKTS1 C3.30 X1A09a$p20145819a$r2023-09-13 00:00:00$w2021-01-12$yBOO
=999  \\$d1064
=533  \\$aDigitized by iGuana, Spring 2025.

