=LDR  01130    a2200241   4500
=001  1069
=008  210608s1829\\\\\\\|||||\||||\00|\0\dut\d
=041  \\$adut
=100  \\$aBulkus, Gottlieb$4aut$95771
=245  \\$aNieuwe Kwakers predikatie
=260  \\$aNetherlands$bs.n.$c1829
=300  \\$a32 pages
=336  \\$abook
=336  \\$aprinted
=590  \\$aHandelende over den maagdelijken, vrijsterlijken, vrouwelijken en weduwen staat; alsmede over de onderscheidene trappen en rangen der liefde, in en buiten den huwelijken staat.
=648  \0$a19th Century (1801-1900)$1http://www.wikidata.org/entity/Q6955$920935
=650  \0$aReligion$1http://www.wikidata.org/entity/Q9174$93062
=650  \0$aQuakers$1http://www.wikidata.org/entity/Q170208$921680
=650  \0$aMoral education$1http://www.wikidata.org/entity/Q25457248$93171
=856  \\$uhttps://books.google.be/books?id=heBWAAAAcAAJ$3Google Books
=942  \\$cBOO
=952  \\$00$10$2ddc$40$6KTS_1_000000000000000_C1_07_05F26$70$8RAR$91069$aORPH$bORPH$cKTS1_C1$d2020-07-08$eKoopman$i05F26$l0$oKTS1 C1.07 05F26$p20136596$r2021-01-12 00:00:00$w2021-01-12$yBOO
=999  \\$c1069$d1069

