=LDR  01373    a2200229   4500
=001  1072
=008  210602n\\\\\\\\\\\|||||\||||\00|\p\dut\d
=041  \\$adut
=100  \\$aRuppe, Christian Friedrich$d1753-1826$4aut$1http://www.wikidata.org/entity/Q87946$94784
=245  \\$aTwaalf gezangen, gecomponeert voor drie stemmen
=260  \\$aLeiden [?]$c1802 or later
=300  \\$a85 pages
=500  \\$aText only from first of four volumes of evangelical songs, containing four times twelve evangelical songs, see https://books.google.be/books?id=IL5PAAAAcAAJ for a printed version of the music
=500  \\$aChristian Friedrich Ruppe (1753-1826) was a composer and performer who originated from Thüringen and moved to Leiden in 1772, becoming the organist of the Lutheran Church at the Hooglandse Kerkgracht
=590  \\$adoor C. F. Ruppe. Te Leyden, by L. Herdingh, 1802
=648  \0$a19th Century (1801-1900)$1http://www.wikidata.org/entity/Q6955$920935
=650  \0$aPoetry$1http://www.wikidata.org/entity/Q482$93026
=650  \0$aProtestantism$1http://www.wikidata.org/entity/Q23540$921012
=651  \0$aNetherlands$1http://www.wikidata.org/entity/Q55$9173
=942  \\$cMS
=952  \\$00$10$2ddc$40$6KTS_1_000000000000000_C1_07_05F29$70$8RAR$91072$aORPH$bORPH$cKTS1_C1$d2020-07-08$eKoopman$l0$oKTS1 C1.07 05F29$p20136513$r2021-01-12 00:00:00$w2021-01-12$yMS
=999  \\$c1072$d1072

