=LDR  01809    a2200337   4500
=001  1073
=008  210610s1688\\\\\\\|||||\||||\00|\h\dut\d
=041  \\$adut
=245  \\$aHet vervolg van 't orakel.$bRaat gevraagt door de machten der aarde, wegens de uytvoering van haare besluyten.
=260  \\$aVrijstadt$bs.n.$c1688
=300  \\$a23 pages
=336  \\$abook
=336  \\$aprinted
=500  \\$aVery rare satirical pamphlet
=500  \\$afictitious imprint
=500  \\$avarious aristocrats and rulers asking for advice: Koning van Vranckryk - wordt gewaarschuwd voor Engeland
=500  \\$aKoning van Engeland - wordt gewaarschuwd voor de eigen besluiten
=500  \\$aPater Peters - weet zelf niet wat hij vraagt
=500  \\$aTurkschen Keyser - wacht u voor Fransche vossen
=500  \\$aKerkelyke majesteit - weiger de vrede niet, Fransche vossen laten haar niet vangen
=500  \\$aMadamme den Dauphin - U moet eens lachen
=500  \\$aEngelsche protestanten - U wordt verdolgen en uitgeroeid
=500  \\$aKardinalen en hoeren van Rome - vertel mij hoeveel inkomsten de heiligheid van zijn hoeren heeft, dan geef ik u raad
=590  \\$aWaar in op een vermaakelyke manier uytgebeelt werdt, 't geen'er hedendaags in de Politie om gaat. Uyt Italiaans vertaalt.
=648  \0$a17th Century (1601-1700)$1http://www.wikidata.org/entity/Q7016$920923
=650  \0$aHistory$1http://www.wikidata.org/entity/Q309$921403
=650  \0$aSatire$1http://www.wikidata.org/entity/Q128758$921636
=856  \\$uhttps://sammlungen.ulb.uni-muenster.de/hd/content/pageview/6520353
=942  \\$cBOO
=952  \\$00$10$2ddc$40$6KTS_1_000000000000000_C1_07_05F30$70$8RAR$91073$aORPH$bORPH$cKTS1_C1$d2020-07-08$eKoopman$i05F30$l0$oKTS1 C1.07 05F30$p20136575$r2021-01-12 00:00:00$w2021-01-12$yBOO
=999  \\$c1073$d1073

