=LDR  01489aam a2200265   4500
=001  1077
=008  210609s1743\\\\\\\|||||\||||\00|\0\fre\d
=041  \\$afre
=245  \\$aLe Passe-tems agréable
=250  \\$a5th ed.
=260  \\$aAmsterdam$bArkstée$aLeipzig$bMerkus$c1743
=300  \\$a2 vols. ([iv]-382-[26]+384-[28] pages)$bfrontispiece in red and black ink
=534  \\$cOriginally published in 1711
=590  \\$aou Nouveau choix de bons-mots, pensées ingénieuses, rencontres plaisantes, de Saillies vives, de Gasconnades, de Contes divertissans, d'Historiettes nouvelles & galantes, &c.
=648  \0$a18th Century (1701-1800)$1http://www.wikidata.org/entity/Q7015$920899
=650  \0$aLiterature$1http://www.wikidata.org/entity/Q8242$94439
=650  \0$aSatire$1http://www.wikidata.org/entity/Q128758$921636
=700  \\$4dub$aRochefort, J. de$d?-1714$921686
=700  \\$4dub$aCartier de Saint-Philip$921687
=856  \\$uhttps://books.google.be/books?id=-XpdAAAAcAAJ$3vol. 1
=856  \\$uhttps://books.google.be/books?id=C3tdAAAAcAAJ$3vol. 2
=942  \\$cBOO
=952  \\$00$10$2ddc$3vol. 1$40$6KTS_1_000000000000000_C1_07_05F34$70$8RAR$91077$aORPH$bORPH$cKTS1_C1$d2020-07-08$eKoopman$i05F34$l0$oKTS1 C1.07 05F34$p20136601$r2021-01-12 00:00:00$w2021-01-12$yBOO
=952  \\$00$10$2ddc$3vol. 2$40$6KTS_1_000000000000000_C1_07_05F35$70$8RAR$922574$aORPH$bORPH$cKTS1_C1$d2020-07-08$eKoopman$i05F35$l0$oKTS1 C1.07 05F35$p20140300$r2023-03-23 00:00:00$w2021-01-12$yBOO
=999  \\$d1077

