=LDR  01195aam a2200241   4500
=001  1079
=005  20251008131936.0
=008  210609s1675\\\\\\\|||||\||||\00|\0\spa\d
=041  \\$aspa
=100  \\$aEttenhard, Francisco Antonio de$4aut$95778
=245  \\$aCompendio de los fundamentos de la verdadera destreza, y filosofia de las armas
=260  \\$aMadrid$bde Zafra$c1675
=300  \\$a[32]-371 pages$billustrations
=500  \\$aMs. notations (and doodles) throughout the book
=590  \\$aDedicado a la Catholica Sacra y Real Magestad, del Reynvestro Señor Don Carlos II, Monarca de España, y de las Yndias
=600  \0$aCharles$cKing of Spain$d1661-1700$921691
=648  \0$a17th Century (1601-1700)$1http://www.wikidata.org/entity/Q7016$920923
=650  \0$aFencing$1http://www.wikidata.org/entity/Q12100$921690
=651  \0$aSpain$1http://www.wikidata.org/entity/Q29$920983
=856  \\$uhttps://archive.org/details/compendiodelosfu00ette/page/n7/mode/2up$3Internet Archive
=942  \\$cBOO
=952  \\$00$10$2ddc$40$6KTS_1_000000000000000_C1_07_05F37$70$8RAR$91079$aORPH$bORPH$cKTS1_C1$d2020-07-08$eKoopman$l0$oKTS1 C1.07 05F37$p20136610$r2021-01-12 00:00:00$w2021-01-12$yBOO
=999  \\$d1079

