=LDR  01549    a2200313   4500
=001  1081
=005  20250925143255.0
=008  210609s1921\\\\\\\|||||\||||\00|\0\fre\d
=041  \\$afre
=100  \\$aLandowska, Wanda$d1879-1959$4aut$1http://www.wikidata.org/entity/Q160257$95780
=245  \\$aMusique ancienne
=250  \\$a6th ed.
=260  \\$aParis$bSenart$c1921
=300  \\$a270 pages
=500  \\$aSee elsewhere in the collection for the first ed. and English translation
=534  \\$cOriginally published in 1809
=561  \\$aEx libris M. Bakker (ms.)
=590  \\$aLe mépris pour les anciens – la force de la sonorité – le style – l'interprétation – les virtuoses – les mécènes et la musique. Avec la collaboration de M. Henri Lew-Landowski
=648  \0$a20th Century (1901-2000)$1http://www.wikidata.org/entity/Q6927$920936
=650  \0$aEarly music$1http://www.wikidata.org/entity/Q436016$93160
=650  \0$aHistorically informed performance$1http://www.wikidata.org/entity/Q1344860$920980
=650  \0$aHarpsichord$1http://www.wikidata.org/entity/Q81982$92125
=650  \0$aInstrumentalist$1http://www.wikidata.org/entity/Q1278335$921706
=650  \0$aFemale$1http://www.wikidata.org/entity/Q6581072$921764
=651  \0$aParis (France)$1http://www.wikidata.org/entity/Q90$9160
=700  \\$4ctb$aLew-Landowski, Henryk$924280
=942  \\$cBOO
=952  \\$00$10$2ddc$40$6TRE_LAND$70$8TRE$91081$aORPH$bORPH$cKTS1_H$d2020-07-08$eKoopman$i05F39$oTRE LAND$p20136612$r2024-11-13 12:36:08$w2021-01-12$yBOO
=999  \\$d1081

