=LDR  01092    a2200241   4500
=001  1083
=008  210610s1804\\\\\\\|||||\||||\00|\0\ger\d
=041  \\$ager
=100  \\$aRößig, Karl Gottlob$d1752-1806$4aut$1http://www.wikidata.org/entity/Q18145385$95781
=245  \\$aHandbuch des Buchhandelsrechts.$bSystematisch dargestellt für Rechtsgelehrte, Buchhändler und Schriftsteller
=260  \\$aLeipzig$bHinrichs$c1804
=300  \\$axii-480 pages
=336  \\$abook
=336  \\$aprinted
=504  \\$aindex
=648  \0$a19th Century (1801-1900)$1http://www.wikidata.org/entity/Q6955$920935
=650  \0$aBibliography$1http://www.wikidata.org/entity/Q134995$93965
=650  \0$aLaw$1http://www.wikidata.org/entity/Q7748$93727
=651  \0$aGermany$1http://www.wikidata.org/entity/Q183$9155
=856  \\$uhttps://books.google.be/books?id=eepIAAAAcAAJ$3Google Books
=942  \\$cBOO
=952  \\$00$10$2ddc$40$6KTS_1_000000000000000_C1_07_05F42$70$8RAR$91083$aORPH$bORPH$cKTS1_C1$d2020-07-08$eKoopman$i05F42$l0$oKTS1 C1.07 05F42$p20136617$r2021-01-12 00:00:00$w2021-01-12$yBOO
=999  \\$c1083$d1083

