=LDR  01621    a2200277   4500
=001  1084
=008  210610s1728\\\\\\\|||||\||||\00|\0\enl\d
=041  \\$aeng
=100  \\$aPlayford, John$d1623-1686?$4aut$1http://www.wikidata.org/entity/Q1282455$95782
=245  \\$aAn Introduction to the Skill of Musick$bIn Three Books
=250  \\$a18th ed.
=260  \\$aLondon$bPearson$bSprint$c1728
=300  \\$a[xvi]-170-[2] pages$bmusical examples, illustrations, tables
=500  \\$aCited in Koopman 1985, pages 56-57, 79, 83
=534  \\$aOriginally published in 1654
=590  \\$aContaining I. The Grounds and Principles of Musick, according to the Gamut; II. Introductions and Lessons ofr teh Treble, Tenor, and Bass-Viols; and also for the Treble Violin; III. The Art of Descant, or Composing Musick in Parts
=648  \0$a17th Century (1601-1700)$1http://www.wikidata.org/entity/Q7016$920923
=650  \0$aMethod$1http://www.wikidata.org/entity/Q2250960$921402
=650  \0$aComposing$1http://www.wikidata.org/entity/Q92186587$93076
=650  \0$aViola da gamba$1http://www.wikidata.org/entity/Q96066477$93955
=651  \0$aUnited Kingdom$1http://www.wikidata.org/entity/Q21$9273
=700  \\$4aut$aPurcell, Henry$d1659-1695$1http://www.wikidata.org/entity/Q9695$95840
=856  \\$uhttps://imslp.org/wiki/An_Introduction_to_the_Skill_of_Musick_(Playford%2C_John)$3International Music Score Library Project
=942  \\$cBOO
=952  \\$00$10$2ddc$40$6KTS_1_000000000000000_C1_07_05F43$70$8RAR$91084$aORPH$bORPH$cKTS1_C1$d2020-07-08$eKoopman$oKTS1 C1.07 05F43$p20136620$r2021-01-12 00:00:00$w2021-01-12$yBOO
=999  \\$d1084

