=LDR  01248    a2200277   4500
=001  1085
=005  20251001162233.0
=008  210512s1741\\\\\\\|||||\||||\00|\0\fre\d
=041  \\$afre
=100  \\$aAndré, Yves Marie$d1675-1764$4aut$1http://www.wikidata.org/entity/Q2326613$95441
=245  \\$aEssai sur le beau
=250  \\$a1st ed.
=260  \\$aParis$bGuerin$c1741
=300  \\$aviii-302 pages
=336  \\$abook
=336  \\$aprinted
=500  \\$aYves Marie André was a French Jesuit mathematician, philosopher, and essayist, best known for his 'Essai sur le Beau', a philosophical work on aesthetics
=561  \\$aEx Libris Comitis Revedin (Plate)
=648  \0$a18th Century (1701-1800)$1http://www.wikidata.org/entity/Q7015$920899
=650  \0$aAesthetics$1http://www.wikidata.org/entity/Q35986$921494
=650  \0$aPhilosophy$1http://www.wikidata.org/entity/Q5891$92357
=651  \0$aFrance$1http://www.wikidata.org/entity/Q142$9131
=856  \\$uhttps://books.google.be/books?id=j_WCpjLyrxAC$3Google Books
=942  \\$cBOO
=952  \\$00$10$2ddc$40$6KTS_1_000000000000000_C1_07_05F44$70$8RAR$91085$aORPH$bORPH$cKTS1_C1$d2020-07-08$eKoopman$i05F44$l0$oKTS1 C1.07 05F44$p20136621$r2021-01-12 00:00:00$w2021-01-12$yBOO
=999  \\$c1085$d1085

