=LDR  09676aam a2201837   4500
=001  1086
=008  210610s1786\\\\\\\|||||\||||\00|\0dger\d
=041  \\$ager
=100  \\$aMarpurg, Friedrich Wilhelm$d1718-1795$4aut$1http://www.wikidata.org/entity/Q548897$94794
=245  \\$aLegende einiger Musikheiligen; $bEin Nachtrag zu den musikalischen Almanachen und Taschenbüchern jetziger Zeit
=250  \\$a1st ed.
=260  \\$aCologne$bHammer$c1786
=300  \\$a[xiv]-331 pages
=500  \\$aappeared under Marpurg's pseudonym of "Simon Metaphrastes dem Jüngeren"
=504  \\$aindex
=648  \0$a18th Century (1701-1800)$1http://www.wikidata.org/entity/Q7015$920899
=650  \0$aMusic history$1http://www.wikidata.org/entity/Q846047$921373
=653  \0$aAbel$319$020136622$w05F45$928420
=653  \0$aademhalen$332, 33$020136622$w05F45$928491
=653  \0$aafwisseling$3159$020136622$w05F45$928514
=653  \0$aAgricola$358, 59, 71-73, 151$020136622$w05F45$928531
=653  \0$aBach, C.P.E.$369, 117, 128, 185$020136622$w05F45$928902
=653  \0$aBach, J.Chr.$316, 17, 117?, 306, vii$020136622$w05F45$928919
=653  \0$aBach, J.S.$362, 74-76, 98-100, 116, 117?, 128, 292, 293$020136622$w05F45$928929
=653  \0$aBach, W.F.$326, 27, 61?, 117?, 128, 185-186, x$020136622$w05F45$928997
=653  \0$aBlanchet$3193$020136622$w05F45$929612
=653  \0$aBaron, E.G.$3158-161$020136622$w05F45$929096
=653  \0$aBlavet$367$020136622$w05F45$929624
=653  \0$ablinde musici$3100-102$020136622$w05F45$929635
=653  \0$aBoismortier$3281, 282$020136622$w05F45$929736
=653  \0$aBenda, G.$3116-118, 119$020136622$w05F45$929413
=653  \0$aBérard$3192, 193$020136622$w05F45$929431
=653  \0$aBernier$329$020136622$w05F45$929462
=653  \0$abespelen van meer instrumenten$3100, 200$020136622$w05F45$929496
=653  \0$aBuffardin$367$020136622$w05F45$930006
=653  \0$aBurney$39, 10$020136622$w05F45$930057
=653  \0$aCaffarelli$3157, 216, 217, 218$020136622$w05F45$930113
=653  \0$aCampra$3308, 309$020136622$w05F45$930172
=653  \0$aCarissimi$3311$020136622$w05F45$930243
=653  \0$acastraten$357, 93$020136622$w05F45$930282
=653  \0$acello$345-48$020136622$w05F45$930344
=653  \0$amuziek en geneeskunde$329, 30$020136622$w05F45$935001
=653  \0$aNeidhardt$3312$020136622$w05F45$935195
=653  \0$acontrabas$3132, 133, 134$020136622$w05F45$930692
=653  \0$aCorelli$3125, 126$020136622$w05F45$930735
=653  \0$aCouperin, F.$3137, 138$020136622$w05F45$930793
=653  \0$aCuzzoni$3242-245$020136622$w05F45$930878
=653  \0$aoud-nieuw$311-13$020136622$w05F45$935651
=653  \0$adiminuties$3226$020136622$w05F45$931087
=653  \0$aParadies$3101$020136622$w05F45$935756
=653  \0$adraailier$318$020136622$w05F45$931190
=653  \0$aPhilidor$352-53$020136622$w05F45$935921
=653  \0$aPiccini$3228, 246$020136622$w05F45$935958
=653  \0$aPisendel$3187, x$020136622$w05F45$935996
=653  \0$apolyritmiek$354-57?$020136622$w05F45$936063
=653  \0$aPorpora, N.$3102-106$020136622$w05F45$936085
=653  \0$aPouplinière, de la$3217$020136622$w05F45$936119
=653  \0$apubliek$3102-106, 125, 147, 148, 262, 263$020136622$w05F45$936257
=653  \0$aQuantz, J.J.$35, 13, 67-69, 71-73, 134?, 223, 268-270$020136622$w05F45$936296
=653  \0$aSorge$358, 59$020136622$w05F45$936375
=653  \0$aForkel$357$020136622$w05F45$931820
=653  \0$aForqueray$349-52$020136622$w05F45$931825
=653  \0$astemmen van het orkest$3197-200$020136622$w05F45$936547
=653  \0$afrans - italiaans$393, 216-218, 224, 228$020136622$w05F45$931871
=653  \0$aStradella$3166, 167$020136622$w05F45$936615
=653  \0$aFrescobaldi$3135$020136622$w05F45$931902
=653  \0$aFroberger$3135$020136622$w05F45$931931
=653  \0$aFux, J.J$360, 85, 86$020136622$w05F45$931955
=653  \0$aSulzer$344, 71-73$020136622$w05F45$936672
=653  \0$agamba$349-52$020136622$w05F45$931995
=653  \0$atekst$395-97$020136622$w05F45$936775
=653  \0$atemperatuur$330, 31, 43-45, 197-200, 241$020136622$w05F45$936807
=653  \0$agesticuleren etc.$3139$020136622$w05F45$932160
=653  \0$aGlareanus$3140, 141-143$020136622$w05F45$932215
=653  \0$aGluck$39, 13, 90, 228$020136622$w05F45$932235
=653  \0$aGraun$35, 117, 225-227, 258-260, 306$020136622$w05F45$932339
=653  \0$aGraupner$360$020136622$w05F45$932347
=653  \0$aHändel, G.F.$360, 138-140$020136622$w05F45$932536
=653  \0$aTromlitz$313$020136622$w05F45$937188
=653  \0$atrompet$332, 33$020136622$w05F45$937194
=653  \0$aHasse$3283$020136622$w05F45$932603
=653  \0$aHeinichen$3178-179$020136622$w05F45$932675
=653  \0$aHiller$35, 305, viii, ix$020136622$w05F45$932778
=653  \0$ahobo$3175$020136622$w05F45$932805
=653  \0$aHomilius$3124$020136622$w05F45$932877
=653  \0$aHurlebusch$370$020136622$w05F45$933017
=653  \0$aimprovisatie$397, 98-100, 226, 292, 293$020136622$w05F45$933059
=653  \0$aVogler, Abbé$353, 54, 126$020136622$w05F45$937702
=653  \0$aJomelli$3101$020136622$w05F45$933231
=653  \0$aJosquin$377, 78, 109-111, 116, 151, 184, 201, 202, 210$020136622$w05F45$933255
=653  \0$azangeres$39, 91-94, 314, 315$020136622$w05F45$938089
=653  \0$aKirnberger$343, 44, 45, 54-57, 58, 63, 64, 71, 127, 128, 241$020136622$w05F45$933423
=653  \0$aZipoli$3223$020136622$w05F45$938159
=653  \0$aRameau, J.P.$313, 30, 90, 217, 252, 253, 274, 317, 318$020136622$w05F45$938224
=653  \0$aReincken$375, 76$020136622$w05F45$938349
=653  \0$aKuhnau$360$020136622$w05F45$933781
=653  \0$akwint/oktaafparallellen$389-90, 173$020136622$w05F45$933824
=653  \0$aRossi, L.$3311$020136622$w05F45$938569
=653  \0$aRousseau, J.J.$3216, 217, 245, 246, 273, 274$020136622$w05F45$938595
=653  \0$aLasso, O. di $3310$020136622$w05F45$933916
=653  \0$aLeclair$3300-302$020136622$w05F45$933971
=653  \0$asalaris$327, 36, 46, 47, 61, 86, 137, 165, 185, 302$020136622$w05F45$938697
=653  \0$alesgeld$3297, 298$020136622$w05F45$934067
=653  \0$aLocatelli$381, 88$020136622$w05F45$934167
=653  \0$aScheibe, J.A.$3150, 151, 312-314$020136622$w05F45$938814
=653  \0$aLolli$381, 207$020136622$w05F45$934191
=653  \0$aluit$3159-161$020136622$w05F45$934262
=653  \0$aLully$312, 13, 14, 15, 157, 158, 195-197, 220-222, 300, 309-311$020136622$w05F45$934271
=653  \0$aMarais, M.$349-52$020136622$w05F45$934441
=653  \0$aMarchand$3229, 289-293, 293-298$020136622$w05F45$934451
=653  \0$aMarpurg, F.W.$3wb, 58, 59, 163, 241, xi, xii$020136622$w05F45$934483
=653  \0$aMattheson$370, 305-306$020136622$w05F45$934534
=653  \0$aMingotti$3283, 284$020136622$w05F45$934769
=653  \0$aMouret$387$020136622$w05F45$934915
=653  \0$aMuffat, G.$360, 135, 136$020136622$w05F45$934941
=653  \0$aMurschhauser, X.$389-90$020136622$w05F45$934962
=653  \\$aBach, J.S._en L. Marchand$3292-293$928954$020136622$w05F45
=653  \\$aBendeler, J.P.$315, 16$929418$020136622$w05F45
=653  \\$aBerenstadt, G.$3104-106$929437$020136622$w05F45
=653  \\$abijgeluid bij klavecimbel$3175$929569$020136622$w05F45
=653  \\$aCalviaire$3235-237, 296$930141$020136622$w05F45
=653  \\$aConti, F.$3205$930682$020136622$w05F45
=653  \\$aCorette$3223$930739$020136622$w05F45
=653  \\$aDubois$3112-115$919341$020136622$w05F45
=653  \\$aDuport$345-48$931315$020136622$w05F45
=653  \\$aemoties$329, 30, 152, 1535, 159, 160, 161, 167$931445$020136622$w05F45
=653  \\$aFarinelli$332, 33, 79, 283$931610$020136622$w05F45
=653  \\$aFuhrmann, M.H.$3284$931946$020136622$w05F45
=653  \\$aGuignon, J.P.$3260-261$932479$020136622$w05F45
=653  \\$aGuillemain$3247, 248$932480$020136622$w05F45
=653  \\$aHesse$349-52$932754$020136622$w05F45
=653  \\$aHohlfeld$397, 98$932850$020136622$w05F45
=653  \\$ajalousie de métier$325, 26$933180$020136622$w05F45
=653  \\$akraaiende haan in passion $3313$933737$020136622$w05F45
=653  \\$amaestro al cembalo$357$934353$020136622$w05F45
=653  \\$aMara, la$336, 37, 57, 214, 215, 276$934439$020136622$w05F45
=653  \\$aoorspronkelijkheid$33, 4$935393$020136622$w05F45
=653  \\$aorganist$319, 20, 26, 27, 187, 188, 290, 291$935454$020136622$w05F45
=653  \\$aPalestrina$3180-182$935723$020136622$w05F45
=653  \\$aPotholt, J.$3101$936116$020136622$w05F45
=653  \\$aRicci, D.$3237-240$938416$020136622$w05F45
=653  \\$aSchultze$371$938982$020136622$w05F45
=653  \\$aSolomon$355, 56$920906$020136622$w05F45
=653  \\$aSomis$3300-301$936355$020136622$w05F45
=653  \\$aTartini$33-8, 136$936748$020136622$w05F45
=653  \\$aTodi$3276, 277$936965$020136622$w05F45
=653  \\$avarkensklavier$310, 11$937354$020136622$w05F45
=653  \\$aVinci, L.$3102-106$937559$020136622$w05F45
=653  \\$aVolumier$3186, 187, 291, 292$937727$020136622$w05F45
=653  \\$avoorhouding-oplossing$3135$937747$020136622$w05F45
=653  \\$aWalther, J.G.$3222-224$937860$020136622$w05F45
=653  \\$aWeiß, L.$323-25, x$937908$020136622$w05F45
=856  \\$uhttps://imslp.org/wiki/Legende_einiger_Musikheiligen_(Marpurg%2C_Friedrich_Wilhelm)$3International Music Score Library Project
=942  \\$cBOO
=952  \\$00$10$2ddc$40$6KTS_1_000000000000000_C1_07_05F45$70$8RAR$91086$aORPH$bORPH$cKTS1_C1$d2020-07-08$eKoopman$l0$oKTS1 C1.07 05F45$p20136622$r2021-01-12 00:00:00$w2021-01-12$yBOO
=999  \\$d1086

