=LDR  00975    a2200229   4500
=001  1090
=008  210610s1855\\\\\\\|||||\||||\00|\p\dut\d
=041  \\$adut
=100  \\$aCosta, Isaac da$d1798-1860$4aut$1http://www.wikidata.org/entity/Q1673766)$95271
=245  \\$aHesperiden
=260  \\$aHaarlem$bKruseman$c1855
=300  \\$aviii-186 pages
=336  \\$abook
=336  \\$aprinted
=500  \\$aBeautiful frontispiece engraved by C. Rochussen and W. Steelink
=648  \0$a19th Century (1801-1900)$1http://www.wikidata.org/entity/Q6955$920935
=650  \0$aPoetry$1http://www.wikidata.org/entity/Q482$93026
=651  \0$aNetherlands$1http://www.wikidata.org/entity/Q55$9173
=856  \\$uhttps://books.google.be/books?id=1vJNAAAAcAAJ$3Google Books
=942  \\$cBOO
=952  \\$00$10$2ddc$40$6KTS_1_000000000000000_C1_08_05F50$70$8RAR$91090$aORPH$bORPH$cKTS1_C1$d2020-07-08$eKoopman$i05F50$l0$oKTS1 C1.08 05F50$p20136627$r2021-01-12 00:00:00$w2021-01-12$yBOO
=999  \\$c1090$d1090

