=LDR  01173    a2200253   4500
=001  1093
=008  210610s1791\\\\\\\|||||\||||\00|\0\lat\d
=041  \\$alat
=100  \\$aRomsée, Toussaint-Joseph$d1727-1809$4aut$1http://www.wikidata.org/entity/Q42037763$95788
=245  \\$aSensus litteralis, moralis ac historicus rituum ac cæremoniarum missæ
=260  \\$aLiège$bDevillers$c1791
=300  \\$aviii-382 pages
=336  \\$abook
=336  \\$aprinted
=490  \\$aOpera liturgica$vvol. 4/5
=500  \\$aToussaint-Joseph Romsée (1727-1809) was a priest and teacher in Liège
=648  \0$a18th Century (1701-1800)$1http://www.wikidata.org/entity/Q7015$920899
=650  \0$aReligion$1http://www.wikidata.org/entity/Q9174$93062
=650  \0$aLiturgy$1http://www.wikidata.org/entity/Q172331$92284
=650  \0$aCatholicism$1http://www.wikidata.org/entity/Q1841$921631
=856  \\$uhttps://books.google.be/books?id=dHcrFipBLKMC$3Google Books
=942  \\$cBOO
=952  \\$00$10$2ddc$40$6KTS_1_000000000000000_C1_08_05G03$70$8RAR$91093$aORPH$bORPH$cKTS1_C1$d2020-07-08$eKoopman$i05G03$l0$oKTS1 C1.08 05G03$p20136630$r2021-01-12 00:00:00$w2021-01-12$yBOO
=999  \\$c1093$d1093

