=LDR  01240    a2200265   4500
=001  1098
=008  210614s1837\\\\\\\|||||\||||\00|\0\eng\d
=041  \\$aeng
=059  \\$abc
=100  \\$aBurrowes, John Freckleton$d1787-1852$4aut$1http://www.wikidata.org/entity/Q6234082$95793
=245  \\$aThe Thorough-Base Primer,$bContaining Explanations and Examples of the Rudiments of Harmony, with fifty exercises
=250  \\$a9th. ed.
=260  \\$aNew York$bFirth & Hall$c1837
=300  \\$aviii-95-36 pages
=336  \\$abook
=336  \\$anotated music
=336  \\$aprinted
=648  \0$a19th Century (1801-1900)$1http://www.wikidata.org/entity/Q6955$920935
=650  \0$aBasso continuo$1http://www.wikidata.org/entity/Q724321$921065
=650  \0$aHarmony$1http://www.wikidata.org/entity/Q184421$92358
=650  \0$aBasso continuo$1http://www.wikidata.org/entity/Q724321$921065
=856  \\$uhttps://imslp.org/wiki/The_Thorough-Bass_Primer_(Burrowes%2C_John_Freckleton)$3International Music Score Library Project
=942  \\$cBOO
=952  \\$00$10$2ddc$40$6KTS_1_000000000000000_C1_08_05G08$70$8RAR$91098$aORPH$bORPH$cKTS1_C1$d2020-07-08$eKoopman$i05G08$l0$oKTS1 C1.08 05G08$p20136635$r2021-01-12 00:00:00$w2021-01-12$yBOO
=999  \\$c1098$d1098

