=LDR  01906    a2200253   4500
=001  1099
=008  210614s1814\\\\\\\|||||\||||\00|\0deng\d
=041  \\$aeng
=100  \\$aBurgh, Allatson$d1769-1856$4aut$95794
=245  \\$aAnecdotes of Music, Historical and Biographical, $bin a series of letters from a gentleman to his daughter$nvols. 1-3/3
=260  \\$aLondon$bLongman; Hurst; Rees; Orme; Brown$c1814
=300  \\$a3 vols. (466+510+456 pages)
=336  \\$abook
=336  \\$aprinted
=500  \\$aThe reverend Burgh had been working as the vicar of St. Lawrence Jewry since 1815. By changing the liturgy in his church, he made himself so unpopular that his parishioners unsuccessfully petitioned Queen Victoria to have him removed. The composer and organist Samuel Wesley was a frequent visitor to Burgh House (Hampstead Village, UK)  at this time; he described Burgh as ‘an odd fellow ... and as diverting as Punch’.
=650  \0$aMusic history$1http://www.wikidata.org/entity/Q846047$921373
=650  \0$aCorrespondence$1http://www.wikidata.org/entity/Q1784733$921392
=650  \0$aBiography$1http://www.wikidata.org/entity/Q36279$91927
=856  \\$uhttps://books.google.be/books?id=YM0qAAAAYAAJ; https://books.google.be/books?id=fs0qAAAAYAAJ$3Google Books
=942  \\$cBOO
=952  \\$00$10$2ddc$3vol.1$40$6KTS_1_000000000000000_C1_08_05G09$70$8RAR$91099$aORPH$bORPH$cKTS1_C1$d2020-07-08$eKoopman$i05G09$l0$oKTS1 C1.08 05G09$p20136645$r2021-01-12 00:00:00$w2021-01-12$yBOO
=952  \\$00$10$2ddc$3vol.2$40$6KTS_1_000000000000000_C1_08_05G10$70$8RAR$920236$aORPH$bORPH$cKTS1_C1$d2020-07-08$eKoopman$i05G10$l0$oKTS1 C1.08 05G10$p20136660$r2021-06-15 00:00:00$w2021-01-12$yBOO
=952  \\$00$10$2ddc$3vol.3$40$6KTS_1_000000000000000_C1_08_05G1$70$8RAR$920237$aORPH$bORPH$cKTS1_C1$d2020-07-08$eKoopman$i05G11$l0$oKTS1 C1.08 05G1$p20136661$r2021-06-15 00:00:00$w2021-01-12$yBOO
=999  \\$c1099$d1099

