=LDR  01426acm a2200253   4500
=001  1100
=008  210614s1852\\\\\\\||l||\||||\00|\0\dut\d
=041  \\$adut
=059  \\$av org/pf
=100  \\$aAlberdingk Thijm, Joseph Albert$d1820-1889$4edt$4adp$1http://www.wikidata.org/entity/Q1978794$95795
=245  \\$aOude en nieuwere Kerstliederen.$bBenevens gezangen en liederen van andere hoogtijden en heiligedagen, als ook van den advent en de vasten, gerangschikt naar de orde van het kerkelijk jaar
=260  \\$aAmsterdam$bvan Langenhuysen$c1852
=300  \\$axxiv-318 pages
=500  \\$aAlberdingk Thijm was a catholic critic, poet and philologist from Amsterdam. He was the first president of the Flemish Davidsfonds.
=648  \0$a19th Century (1801-1900)$1http://www.wikidata.org/entity/Q6955$920935
=650  \0$aPoetry$1http://www.wikidata.org/entity/Q482$93026
=650  \0$aSong$1http://www.wikidata.org/entity/Q7366$94164
=650  \0$aCatholicism$1http://www.wikidata.org/entity/Q1841$921631
=650  \0$aChristmas$1http://www.wikidata.org/entity/Q19809$92122
=651  \0$aNetherlands$1http://www.wikidata.org/entity/Q55$9173
=856  \\$uhttps://books.google.be/books?id=-4tBAAAAcAAJ$3Google Books
=942  \\$cSCO
=952  \\$00$10$2ddc$40$6KTS_1_000000000000000_C1_08_05G12$70$8RAR$91100$aORPH$bORPH$cKTS1_C1$d2020-07-08$eKoopman$l0$oKTS1 C1.08 05G12$p20136649$r2021-01-12 00:00:00$w2021-01-12$ySCO
=999  \\$d1100

