=LDR  00517    a2200145   4500
=001  1105
=008  210318b\\\\\\\\\\\|||||\||||\00|\0\ger\d
=041  \\$ager
=245  \\$a[Cookbook]
=260  \\$aGermany$c1860-1930
=300  \\$a149 pages
=942  \\$cMS
=952  \\$00$10$2ddc$40$6KTS_1_000000000000000_C1_08_05G17$70$8RAR$91105$aORPH$bORPH$cKTS1_C1$d2020-07-08$eKoopman$i05G17$l0$oKTS1 C1.08 05G17$p20136104$r2021-01-12 00:00:00$w2021-01-12$yMS
=999  \\$c1105$d1105
=650  \0$aCookbook$1http://www.wikidata.org/entity/Q605076$921485

