=LDR  00937    a2200217   4500
=001  1108
=005  20250923161048.0
=008  210615s1833\\\\\\\|||||\||||\00|\0\fre\d
=041  \\$afre
=100  \\$aFétis, Édouard$d1812-1909$4aut$1http://www.wikidata.org/entity/Q2419369$95799
=245  \\$aLes Musiciens belges
=260  \\$aBrussels$bAjamar$c1833
=300  \\$a2 volumes in 1 (196+212 pages)
=500  \\$aThe earliest overview of Belgian music history
=648  \0$a19th Century (1801-1900)$1http://www.wikidata.org/entity/Q6955$920935
=650  \0$aMusic history$1http://www.wikidata.org/entity/Q846047$921373
=651  \0$aBelgium$1http://www.wikidata.org/entity/Q31$920881
=942  \\$cBOO
=952  \\$00$10$2ddc$40$6KTS_1_000000000000000_C1_09_05G23$70$8RAR$91108$aORPH$bORPH$cKTS1_C1$d2020-07-08$eKoopman$l0$oKTS1 C1.09 05G23$p20136613$r2021-01-12 00:00:00$w2021-01-12$yBOO
=999  \\$d1108
=533  \\$aDigitized by iGuana, Spring 2025.

