=LDR  00930    a2200205   4500
=001  1109
=008  210615s1712\\\\\\\|||||\||||\00|\0\eng\d
=041  \\$aeng
=245  \\$aThe History of the Treaty of Utrecht
=260  \\$aLondon$bs.n.$c1712
=300  \\$a[v]-426-[14] pages
=336  \\$abook
=336  \\$aprinted
=590  \\$aIn Which is Contain'd, a Full Account of all the Steps Taken by France, to Bring the Allies to a Treaty During the war, and by That Means to Divide Them
=648  \0$a18th Century (1701-1800)$1http://www.wikidata.org/entity/Q7015$920899
=650  \0$aHistory$1http://www.wikidata.org/entity/Q309$921403
=651  \0$aUtrecht (Netherlands)$1http://www.wikidata.org/entity/Q803$9141
=942  \\$cBOO
=952  \\$00$10$2ddc$40$6KTS_1_000000000000000_C1_09_05G24$70$8RAR$91109$aORPH$bORPH$cKTS1_C1$d2020-07-08$eKoopman$i05G24$l0$oKTS1 C1.09 05G24$p20136614$r2021-01-12 00:00:00$w2021-01-12$yBOO
=999  \\$c1109$d1109

