=LDR  01187aam a2200241   4500
=001  1111
=008  210615s1782\\\\\\\|||||\||||\00|\0\fre\d
=041  \\$afre
=100  \\$aChoquel, Henri Louis$d17xx-1767$4aut$95801
=245  \\$aMéthode pour apprendre facilement la musique soi-même
=250  \\$aRev. ed.
=260  \\$aParis$bLamy$c1782
=300  \\$a19-xiv-213-[4] pages$bmusic examples, folded sheet
=534  \\$aOriginally published in 1759, with 2nd ed. published in 1762
=590  \\$aou La musique rendue sensible par la méchanique : ouvrage utile & curieux. Par M. Choquel, Avocat au Parlement d'Aix
=648  \0$a18th Century (1701-1800)$1http://www.wikidata.org/entity/Q7015$920899
=650  \0$aMethod$1http://www.wikidata.org/entity/Q2250960$921402
=650  \0$aMusic theory$1http://www.wikidata.org/entity/Q193544$92662
=651  \0$aFrance$1http://www.wikidata.org/entity/Q142$9131
=856  \\$uhttps://books.google.be/books?id=wo6Win3jVhgC$3Google Books
=942  \\$cBOO
=952  \\$00$10$2ddc$40$6KTS_1_000000000000000_C1_09_05G26$70$8RAR$91111$aORPH$bORPH$cKTS1_C1$d2020-07-08$eKoopman$l0$oKTS1 C1.09 05G26$p20136616$r2021-01-12 00:00:00$w2021-01-12$yBOO
=999  \\$d1111

