=LDR  12993aam a2202389   4500
=001  1112
=008  210615s1789\\\\\\\|||||\||||\00|\0\ger\d
=041  \\$ager
=059  \\$akbd
=100  \\$aTürk, Daniel Gottlob$d1750-1813$4aut$1http://www.wikidata.org/entity/Q216090$95445
=245  \\$aKlavierschule, oder Anweisung zum Klavierspielen für Lehrer und Lernende, mit kritischen Anmerckungen
=250  \\$a1st ed.
=260  \\$aLeipzig$aHalle$bTürk$bSchwickert$bHemmerde$bSchwetschke$c1789
=300  \\$a[vi]-408-[12]-15 pages$bmusic examples
=500  \\$aSee Map.002a for the musical examples belonging to the English edition of 1804.
=561  \\$aEx libris CIF Olearius (mansucript)
=648  \0$a18th Century (1701-1800)$1http://www.wikidata.org/entity/Q7015$920899
=650  \0$aMethod$1http://www.wikidata.org/entity/Q2250960$921402
=650  \0$aPiano$1http://www.wikidata.org/entity/Q5994$92127
=651  \0$aGermany$1http://www.wikidata.org/entity/Q183$9155
=653  \0$aa' = $3382$020136658$w05H01$928400
=653  \0$aaccellerando$3371, 372-374$020136658$w05H01$928438
=653  \0$aaccentuatie in maat$388, 89, 91, 92, 93, 94, 96, 103, 105, 155, 217, 218, 219, 243, 335, 336, 337, 338, 339,  355, 375, 399, 400$020136658$w05H01$928445
=653  \0$aacciaccatura$3279-281$020136658$w05H01$928450
=653  \0$aafwisseling$3238$020136658$w05H01$928514
=653  \0$aAlbertijnse bas$3376, 377$020136658$w05H01$928562
=653  \0$aallemande$3399$020136658$w05H01$928608
=653  \0$aangloise$3399$020136658$w05H01$928701
=653  \0$aAnschlag$3239, 241-245$020136658$w05H01$928710
=653  \0$aarpeggio$3280, 281, 294-297$020136658$w05H01$928797
=653  \0$aarticulatie$3124, 133, 135, 141, 273, 335, 353, 354, 355, 356, 359, 400, 401, 402, 12 Probestucke achterin$020136658$w05H01$928812
=653  \0$aBach, C.P.E.$3ii, 15, 17, 130, 194, 371$020136658$w05H01$928902
=653  \0$aBach, J.S.$315, 17, 18, 130, 194, 364, nawoord iii$020136658$w05H01$928929
=653  \0$aBach, W.F.$3148$020136658$w05H01$928997
=653  \0$abasso continuo$3334$020136658$w05H01$929163
=653  \0$abattement$3281-282$020136658$w05H01$929218
=653  \0$aBogenflügel$32$020136658$w05H01$929721
=653  \0$aBogenhammerklavier$32, 3$020136658$w05H01$929722
=653  \0$abourrée$3400$020136658$w05H01$929844
=653  \0$acadens$3122, 299-322$020136658$w05H01$930106
=653  \0$acello$36$020136658$w05H01$930344
=653  \0$acembal d'amour$32$020136658$w05H01$930352
=653  \0$achaconne$3400, 401$020136658$w05H01$930385
=653  \0$aclavichord$31, 2, 4, 5, 6, 7, 26-32, 349-350$020136658$w05H01$930523
=653  \0$acon discrezione$3373, 374$020136658$w05H01$930649
=653  \0$acontrabas$3386$020136658$w05H01$930692
=653  \0$aCorelli$378$020136658$w05H01$930735
=653  \0$aCouperin$315, 130, 291(?)$020136658$w05H01$930787
=653  \0$aorgel$31$020136658$w05H01$935465
=653  \0$acourante$3400$020136658$w05H01$930805
=653  \0$acrecendo/decrescendo$3117$020136658$w05H01$930838
=653  \0$aoud-nieuw$317, 18, 364, 404, 405$020136658$w05H01$935651
=653  \0$aouverture$3392, 393$020136658$w05H01$935669
=653  \0$aoverlegato$326(?), 355$020136658$w05H01$935678
=653  \0$aoverpunkteren$3102, 361, 362, 363, 400, 401$020136658$w05H01$935680
=653  \0$adiminutie$3299-331$020136658$w05H01$931086
=653  \0$apantaleon$32$020136658$w05H01$935743
=653  \0$adissonant$3350, 351$020136658$w05H01$931109
=653  \0$apassacaglia$3401$020136658$w05H01$935786
=653  \0$apassepied$3401, 402$020136658$w05H01$935789
=653  \0$apastorale$3402$020136658$w05H01$935799
=653  \0$apedaalklavichord$32$020136658$w05H01$935822
=653  \0$adubbelgrepen bij strijkinstrumenten$36$020136658$w05H01$931245
=653  \0$adubbelslag$3282-293$020136658$w05H01$931248
=653  \0$apianoforte$31, 2, 11$020136658$w05H01$935944
=653  \0$adynamiek$37, 8, 105, 116, 117, 217, 218, 242, 244, 248, 249, 274, 276, 290, 335-338, 340, 342, 348, 349, 350, 352, 361-363$020136658$w05H01$931346
=653  \0$apolonaise$3402$020136658$w05H01$936057
=653  \0$apolyritmiek$378, 103, 104$020136658$w05H01$936063
=653  \0$aemoties$3235, 237, 238, 332, 333, 347, 348, 349, 369-376$020136658$w05H01$931445
=653  \0$aentrée$3400$020136658$w05H01$931489
=653  \0$afagot$36$020136658$w05H01$931585
=653  \0$apunctering$382, 102, 361, 362, 363, 400, 401, 402$020136658$w05H01$936263
=653  \0$aQuantz$345, 111, 112$020136658$w05H01$936294
=653  \0$afermate$388, 120, 121, 122, 123, 310$020136658$w05H01$931664
=653  \0$afluit$36, 19, 20, 45$020136658$w05H01$931782
=653  \0$afolia$3400$020136658$w05H01$931797
=653  \0$aforlane$3400$020136658$w05H01$931824
=653  \0$astemmen voor een concert$3396$020136658$w05H01$936559
=653  \0$astijl_duitse$3364, 404, 405$020136658$w05H01$936592
=653  \0$astijl_engelse$3405$020136658$w05H01$936593
=653  \0$astijl_franse$3364, 404, 405$020136658$w05H01$936594
=653  \0$astijl_italiaanse$3364, 404, 405$020136658$w05H01$936595
=653  \0$afrasering$3340-347$020136658$w05H01$931896
=653  \0$aFritz, B.$3385$020136658$w05H01$931926
=653  \0$aSuite?$3394$020136658$w05H01$936671
=653  \0$aSulzer$347, 376, 382, 393$020136658$w05H01$936672
=653  \0$agaillarde$3400$020136658$w05H01$931976
=653  \0$asyncope en dynamiek$3105$020136658$w05H01$936709
=653  \0$agavotte$3401$020136658$w05H01$932051
=653  \0$aGeigenwerck$32$020136658$w05H01$932082
=653  \0$atemperatuur$38, 14, 31, 32, 43, 45, 379-386$020136658$w05H01$936807
=653  \0$atempo$394, 95, 108-117, 364, 365, 370, 371$020136658$w05H01$936814
=653  \0$atempo rubato$3323, 324, 374-376$020136658$w05H01$936822
=653  \0$atempo van trillers etc$3238, 253, 254$020136658$w05H01$936832
=653  \0$aglasharmonica$33$020136658$w05H01$932219
=653  \0$aGraun$318$020136658$w05H01$932339
=653  \0$atremblement lié$3272, 274$020136658$w05H01$937092
=653  \0$atrillers$322, 235-241, 252-275$020136658$w05H01$937141
=653  \0$agroppo$3388(!)$020136658$w05H01$932429
=653  \0$atriolen$374-81, 104, 224$020136658$w05H01$937166
=653  \0$atriolen en artikulatie$376, 103$020136658$w05H01$937167
=653  \0$atriool - sextool$377$020136658$w05H01$937170
=653  \0$aHändel, G.F.$315, 17, 18, 364$020136658$w05H01$932536
=653  \0$ahandhouding$324, 25, 26$020136658$w05H01$932548
=653  \0$auit het hoofd spelen$321$020136658$w05H01$937281
=653  \0$aHasse$318, 113$020136658$w05H01$932603
=653  \0$avaudeville$3402$020136658$w05H01$937360
=653  \0$aHaydn$316$020136658$w05H01$932638
=653  \0$aversieringstekens$3291$020136658$w05H01$937490
=653  \0$avingerzetting$322, 24, 25, 26, 100, 129-194, 251, 252, 265, 266, 273, 276, 284, 285, 288, 291, 292, 341, 343, 378, 12 Probestucke achterin$020136658$w05H01$937568
=653  \0$avingerzetting_bij triller$3156, 255, 265, 266$020136658$w05H01$937571
=653  \0$aviolon$3386$020136658$w05H01$937598
=653  \0$aviool$36, 19, 20, 45$020136658$w05H01$937605
=653  \0$ainterpretatie$318-20, 332$020136658$w05H01$933100
=653  \0$avoorslag$3200-230$020136658$w05H01$937751
=653  \0$avoorslag op de slag$3207$020136658$w05H01$937752
=653  \0$azang$320$020136658$w05H01$938076
=653  \0$aKirnberger$3113, 382-385$020136658$w05H01$933423
=653  \0$aklavecimbel$31, 2, 3, 11$020136658$w05H01$933450
=653  \0$aklavecimbelles_viool/fluit bij $319, 23$020136658$w05H01$933540
=653  \0$aklavichord_als bc $38$020136658$w05H01$933566
=653  \0$aklavichord_als vrouweninstrument$37$020136658$w05H01$933568
=653  \0$arecitatief$3370, 371$020136658$w05H01$938285
=653  \0$aklavichordles$38-26$020136658$w05H01$933592
=653  \0$aklavier = klavichord$31, 2, 4, 293, 349$020136658$w05H01$933595
=653  \0$aklavieromvang$35, 6$020136658$w05H01$933604
=653  \0$aribattutta$3268, 298$020136658$w05H01$938411
=653  \0$arigaudon$3402$020136658$w05H01$938449
=653  \0$aritenuto$3371$020136658$w05H01$938470
=653  \0$aritmische fouten$3102$020136658$w05H01$938473
=653  \0$arubato$3128, 237, 301, 310, 325, 326, 370, 371, 372-376, 395, 396$020136658$w05H01$938615
=653  \0$aLautenklavier$33$020136658$w05H01$933939
=653  \0$asarabande$3402$020136658$w05H01$938753
=653  \0$aLöhlein$350, 219$020136658$w05H01$934185
=653  \0$aschleiffer$3238, 239, 240, 245-251$020136658$w05H01$938873
=653  \0$asiciliano$3402$020136658$w05H01$939098
=653  \0$asnaren_klavichord$326, 27, 28$020136658$w05H01$939197
=653  \0$aMarpurg$3130, 383$020136658$w05H01$934481
=653  \0$amars$3401$020136658$w05H01$934486
=653  \0$amenuet$3401, 402$020136658$w05H01$934673
=653  \0$amessa di voce$3117$020136658$w05H01$934702
=653  \0$ametronoom$3111, 112, 114, 365$020136658$w05H01$934713
=653  \0$amordent$3275-278, 281, 282$020136658$w05H01$934868
=653  \0$aMozart$317, 364$020136658$w05H01$934922
=653  \0$amusette$3401$020136658$w05H01$934965
=653  \\$a[vierkante haken, horizontaal]$3373$928354$020136658$w05H01
=653  \\$a4-mains$317$928377$020136658$w05H01
=653  \\$aaccidentia$346$928453$020136658$w05H01
=653  \\$aarticulatie met één vinger$3133, 134, 135, 175, 176, 252$928814$020136658$w05H01
=653  \\$aBebung$35, 7, 293$929306$020136658$w05H01
=653  \\$abedrieglijk slot$3352$929345$020136658$w05H01
=653  \\$aBellesonoreal$33$929399$020136658$w05H01
=653  \\$aBundfrei$35$930022$020136658$w05H01
=653  \\$aC en Cdoorgestreept [maatsoorten]$394$930093$020136658$w05H01
=653  \\$acanarie$3400$930176$020136658$w05H01
=653  \\$aclavecytherium$31, 2$930522$020136658$w05H01
=653  \\$aclaviorganum$32$930538$020136658$w05H01
=653  \\$aduim/pink op boventoets$3131, 132$931272$020136658$w05H01
=653  \\$aechoeffekt$3350$931377$020136658$w05H01
=653  \\$aensemblespel bij klavecimbel/klavichordles$319$931486$020136658$w05H01
=653  \\$aFortbien$33$931831$020136658$w05H01
=653  \\$aGeneralpause$388$932118$020136658$w05H01
=653  \\$agesticuleren etc. $323, 366, 367$932161$020136658$w05H01
=653  \\$agigue$3400, 401$932187$020136658$w05H01
=653  \\$ahakkebord$32$932512$020136658$w05H01
=653  \\$aHalbzirkel$3388$932513$020136658$w05H01
=653  \\$aHarfenklavier$33$932570$020136658$w05H01
=653  \\$ahobo$36, 45$932805$020136658$w05H01
=653  \\$akort oktaaf$334, 35$933720$020136658$w05H01
=653  \\$aladdervreemde tonen$3226, 227$933849$020136658$w05H01
=653  \\$alargo$3108$933911$020136658$w05H01
=653  \\$alengte van voorslag_regels voor$3217-229$934045$020136658$w05H01
=653  \\$alombardisch$3363$934194$020136658$w05H01
=653  \\$aloure$3401$934236$020136658$w05H01
=653  \\$amaatverschuiving$393, 94$934330$020136658$w05H01
=653  \\$amordent op ondersecunde$3281, 282$934872$020136658$w05H01
=653  \\$amuziek voor beginners$315, 16$935030$020136658$w05H01
=653  \\$anaslag$3230-235$935152$020136658$w05H01
=653  \\$aonderhoud van klavichord$326-32$935384$020136658$w05H01
=653  \\$aopnieuw aanslaan van een overgebonden noot$3358$935448$020136658$w05H01
=653  \\$apandoret$33$935735$020136658$w05H01
=653  \\$aPetri$3130$935894$020136658$w05H01
=653  \\$aPisendel$3113$935996$020136658$w05H01
=653  \\$aregaal$31$938302$020136658$w05H01
=653  \\$aregisters bij klavichord$35$938312$020136658$w05H01
=653  \\$aschneller$3251, 252$938914$020136658$w05H01
=653  \\$aSchwärmer$3388$939018$020136658$w05H01
=653  \\$asnaardikte$327$939182$020136658$w05H01
=653  \\$astop tussen triller en naslag$3259, 260$936608$020136658$w05H01
=653  \\$atamborin$3402$936732$020136658$w05H01
=653  \\$atempoverandering in een stuk$3371-374$936839$020136658$w05H01
=653  \\$atierce coulé (voor de slag)$3223$936926$020136658$w05H01
=653  \\$atoucher_klavichord$35, 29, 365, 366$937045$020136658$w05H01
=653  \\$aTragen der Töne, das$320, 354$937064$020136658$w05H01
=653  \\$avingerwisseling$3134, 142, 143, 144, 145, 378, 385$937565$020136658$w05H01
=653  \\$avoorhouding-oplossing$3217-218, 276, 350, 351$937747$020136658$w05H01
=653  \\$aWalze$3388$937862$020136658$w05H01
=653  \\$awitte notatie$372$938027$020136658$w05H01
=856  \\$uhttps://imslp.org/wiki/Klavierschule_(T%C3%BCrk%2C_Daniel_Gottlob)$3International Music Score Library Project
=942  \\$cBOO
=952  \\$00$10$2ddc$40$6KTS_1_000000000000000_C1_09_05H01$70$8RAR$91112$aORPH$bORPH$cKTS1_C1$d2020-07-08$eKoopman$oKTS1 C1.09 05H01$p20136658$r2021-01-12 00:00:00$w2021-01-12$yBOO
=999  \\$d1112

