=LDR  01108    a2200229   4500
=001  1119
=008  210615s1780\\\\\\\|||||\||||\00|\0\mul\d
=041  \\$aeng$afre
=100  \\$aOlivier, Jean$4aut$95808
=245  \\$aFencing Familiarized / L'Art des armes simplifié.$bA new treatise on the art of small sword / Nouveau Traité sur la Manière de se servir de l'Epée
=260  \\$aLondon$bBell$c1780
=300  \\$axlvii-205-14 pages$billustrations (14 folding plates)
=336  \\$abook
=336  \\$aprinted
=500  \\$aOriginally  published in France in 1771.
=500  \\$aEnglish translation 1771 digitalized:
https://lib.ugent.be/en/catalog/rug01:001734338
=648  \0$a18th Century (1701-1800)$1http://www.wikidata.org/entity/Q7015$920899
=650  \0$aFencing$1http://www.wikidata.org/entity/Q12100$921690
=650  \0$aMethod$1http://www.wikidata.org/entity/Q2250960$921402
=942  \\$cBOO
=952  \\$00$10$2ddc$40$6KTS_1_000000000000000_C1_09_05H08$70$8RAR$91119$aORPH$bORPH$cKTS1_C1$d2020-07-08$eKoopman$i05H08$l0$oKTS1 C1.09 05H08$p20136694$r2021-01-12 00:00:00$w2021-01-12$yBOO
=999  \\$c1119$d1119

