=LDR  03638    a2200757   4500
=001  1128
=008  210616s1721\\\\\\\|||||\||||\00|\0\eng\d
=041  \\$aeng
=100  \\$aMalcolm, Alexander$4aut$95813
=245  \\$aA Treatise of Musick, Speculative, Practical, and Historical
=250  \\$a1st ed.
=260  \\$aEdinburgh$bMalcolm$c1721
=300  \\$axxiv-608 pages$bfolded sheets
=336  \\$abook
=336  \\$aprinted
=648  \0$a18th Century (1701-1800)$1http://www.wikidata.org/entity/Q7015$920899
=650  \0$aMusic theory$1http://www.wikidata.org/entity/Q193544$92662
=653  \0$aa =$3339, 340$020136697$w05H19$928388
=653  \0$aaccentuatie in maat$3433$020136697$w05H19$928445
=653  \0$aartikulatie$3412$020136697$w05H19$928817
=653  \0$ablokfluit$3tp, vii, 11, 12, 320$020136697$w05H19$929645
=653  \0$amuziek in oudheid en middeleeuwen$3451-608$020136697$w05H19$935019
=653  \0$aDescartes$3169-180, 196$020136697$w05H19$931024
=653  \0$adwarsfluit$3tp$020136697$w05H19$931340
=653  \0$aecho$324$020136697$w05H19$931369
=653  \0$aemoties$3vi, vii, viii, ix$020136697$w05H19$931445
=653  \0$afalset$3vii?$020136697$w05H19$931595
=653  \0$aflageolet$312$020136697$w05H19$931739
=653  \0$asub/semitoetsen$3290, 291$020136697$w05H19$936666
=653  \0$agamba$3tp, 322$020136697$w05H19$931995
=653  \0$atemperatuur$3290, 291-293, 293-306, 306-316, 321$020136697$w05H19$936807
=653  \0$atempo$3395-398, 398-402, 402-405, 405-408$020136697$w05H19$936814
=653  \0$atenor$3viii$020136697$w05H19$936845
=653  \0$atransponeren$3361-367$020136697$w05H19$937072
=653  \0$aHändel, G.F.$3ix$020136697$w05H19$932536
=653  \0$atrompet$3vi, vii$020136697$w05H19$937194
=653  \0$aharp$3vii$020136697$w05H19$932582
=653  \0$ahobo$3vi$020136697$w05H19$932805
=653  \0$aviool$3tp$020136697$w05H19$937605
=653  \0$aVossius, I.$3601, 603, 604$020136697$w05H19$937785
=653  \0$ajongens-alt$3vii?$020136697$w05H19$933239
=653  \0$aKepler$3165$020136697$w05H19$933358
=653  \0$aKircher, A.$3473, 559$020136697$w05H19$933414
=653  \0$aklavecimbel$3tp$020136697$w05H19$933450
=653  \0$aklavieromvang$3320, 325$020136697$w05H19$933604
=653  \0$aSalmon$3305, 378-384$020136697$w05H19$938715
=653  \0$aLoulié, E.$3407$020136697$w05H19$934235
=653  \0$aluit$3vii$020136697$w05H19$934262
=653  \0$aSimpson, C.$3305, 356$020136697$w05H19$939132
=653  \0$aslagwerk$3vii$020136697$w05H19$939152
=653  \0$ameer benutten zelfde partituur$3tp$020136697$w05H19$934589
=653  \0$aMeibomius$3572$020136697$w05H19$934613
=653  \0$aMersenne, M. $368$020136697$w05H19$934693
=653  \0$ametronoom_18e eeuw$3395-408$020136697$w05H19$934721
=653  \\$abas$3vii, viii$929129$020136697$w05H19
=653  \\$acompositieregels$3419-450$930645$020136697$w05H19
=653  \\$acritici$3xx$930851$020136697$w05H19
=653  \\$ageluidsleer$3wb$932100$020136697$w05H19
=653  \\$aHolder$363, 84, 90$932857$020136697$w05H19
=653  \\$aLondon_Royal Academy of Music$3A2$934195$020136697$w05H19
=653  \\$aSenesino$3ix$923785$020136697$w05H19
=653  \\$aTemple, S.$3570$936811$020136697$w05H19
=856  \\$uhttps://imslp.org/wiki/A_Treatise_of_Musick_(Malcolm%2C_Alexander)$3International Music Score Library Project
=942  \\$cBOO
=952  \\$00$10$2ddc$40$6KTS_1_000000000000000_C1_09_05H19$70$8RAR$91128$aORPH$bORPH$cKTS1_C1$d2020-07-08$eKoopman$i05H19$l0$oKTS1 C1.09 05H19$p20136697$r2021-01-12 00:00:00$w2021-01-12$yBOO
=999  \\$c1128$d1128

