=LDR  01063    a2200253   4500
=001  1130
=008  210616s1772\\\\\\\|||||\||||\00|\0\por\d
=041  \\$apor$dlat
=100  \\$aSarmento, Francisco de Jesus Maria$d1713-1790$4aut$95815
=245  \\$aDirectorio sacro das ecclesiasticas ceremonias
=260  \\$aLisbon$bs.n.$c1772
=300  \\$a[ii]-350 pages
=336  \\$abook
=336  \\$anotated music
=336  \\$aprinted
=500  \\$aManuscript notes throughout the book
=500  \\$aChildren's drawings in the front and the back
=648  \0$a18th Century (1701-1800)$1http://www.wikidata.org/entity/Q7015$920899
=650  \0$aReligion$1http://www.wikidata.org/entity/Q9174$93062
=650  \0$aChurch music$1http://www.wikidata.org/entity/Q8812109$92283
=651  \0$aLisbon (Portugal)$1http://www.wikidata.org/entity/Q597$9249
=942  \\$cBOO
=952  \\$00$10$2ddc$40$6KTS_1_000000000000000_C1_09_05H21$70$8RAR$91130$aORPH$bORPH$cKTS1_C1$d2020-07-08$eKoopman$i05H21$l0$oKTS1 C1.09 05H21$p20136699$r2021-01-12 00:00:00$w2021-01-12$yBOO
=999  \\$c1130$d1130

