=LDR  05852aam a2201021   4500
=001  1131
=005  20250926121829.0
=008  210616s1741\\\\\\\|||||\||||\00|\0\dut\d
=041  \\$adut
=059  \\$abc
=100  \\$aKellner, David$d1670-1748$4aut$1http://www.wikidata.org/entity/Q1174956$95816
=245  \\$aKorte en getrouwe onderregtinge van de generaal bass, of bassus continuus
=260  \\$aAmsterdam$bWitvogel$c1741
=300  \\$a[xxxi]-171-9 pages$bmusic examples, folded sheets, volvelle
=500  \\$aIndexed in the years 1966-73, see Ton Koopman's address on the index leaf 
=534  \\$aOriginally published as 'Treulicher Unterricht im General-Bass' (1732), see 02D18
=561  \\$aOne of Ton Koopman's earliest old books on music
=590  \\$aNaa de tweede Druk uit het Hoogduits vertaalt, en met eenige Aanmerkingen, benevens een Opdragt, en Voorreden vermeerdert
=600  \0$aWitvogel, Gerhard Fredrik$dc. 1669-1746$1http://www.wikidata.org/entity/Q72938849$922212
=648  \0$a18th Century (1701-1800)$1http://www.wikidata.org/entity/Q7015$920899
=650  \0$aMethod$1http://www.wikidata.org/entity/Q2250960$921402
=650  \0$aBasso continuo$1http://www.wikidata.org/entity/Q724321$921065
=650  \0$aHarmony$1http://www.wikidata.org/entity/Q184421$92358
=651  \0$aAmsterdam (Netherlands)$1http://www.wikidata.org/entity/Q727$9135
=653  \0$a?-stemmig bc$311, 12, 20, 21, 117, 118$020136700$w05H22$928330
=653  \0$a[horizontale lijn] ---- in basso continuo$368$020136700$w05H22$928353
=653  \0$a4 stemmig bc$321, 117$020136700$w05H22$928376
=653  \0$aaccentuatie in maat$314$020136700$w05H22$928445
=653  \0$aarpeggio$326, 28$020136700$w05H22$928797
=653  \0$abasso continuo_instrumenten$31, 2$020136700$w05H22$929192
=653  \0$abasso continuo_luit$31, 2, 44, 45$020136700$w05H22$929195
=653  \0$abasso continuo_verschil orgel - klavecimbel$321, 28, 157$020136700$w05H22$929201
=653  \0$aBrossard, S. de$3125$020136700$w05H22$929962
=653  \0$aCampion$344, 45$020136700$w05H22$930168
=653  \0$acollegium musicum$3opdracht$020136700$w05H22$930595
=653  \0$aCorelli, A.$364$020136700$w05H22$930736
=653  \0$aorgeldispositie$3113-115$020136700$w05H22$935553
=653  \0$aorgelregistratie$3114, 115, 116, 117$020136700$w05H22$935575
=653  \0$aoud-nieuw$3129$020136700$w05H22$935651
=653  \0$aPrintz, W.C.$393, 94, 96, 107$020136700$w05H22$936212
=653  \0$afrans - italiaans$368$020136700$w05H22$931871
=653  \0$agamba_als bc instrument (solo)$31$020136700$w05H22$931998
=653  \0$atasto solo$317, 18, 68$020136700$w05H22$936760
=653  \0$atekst$315, 26, 27$020136700$w05H22$936775
=653  \0$atemperatuur$345, 46$020136700$w05H22$936807
=653  \0$agitaar$32$020136700$w05H22$932207
=653  \0$atriller$325, 58, 64$020136700$w05H22$937111
=653  \0$atrillers in basso continuo$325, 58, 64$020136700$w05H22$937151
=653  \0$aHändel, G.F.$368, 148$020136700$w05H22$932536
=653  \0$aHeinichen$344, 49, 107$020136700$w05H22$932675
=653  \0$aViadana$31$020136700$w05H22$937525
=653  \0$avingerzetting$320$020136700$w05H22$937568
=653  \0$aviool$3voor-reden (10)$020136700$w05H22$937605
=653  \0$aimitaties in basso continuo$326$020136700$w05H22$933055
=653  \0$avrijheid in maat $327$020136700$w05H22$937807
=653  \0$aWeiß, S.L.$32$020136700$w05H22$937912
=653  \0$aWerckmeister$316, 94, 95$020136700$w05H22$937928
=653  \0$aRameau, J.P.$344$020136700$w05H22$938224
=653  \0$arecitatief$326, 27, 28, 29-31, 148$020136700$w05H22$938285
=653  \0$aregaal$328$020136700$w05H22$938302
=653  \0$akwint/oktaafparallellen$313, 21, 98, 107$020136700$w05H22$933824
=653  \0$aLocatelli$371, 72, 74$020136700$w05H22$934167
=653  \0$aSchnitger$3116$020136700$w05H22$938915
=653  \0$aSilbermann$3113, 114$020136700$w05H22$939112
=653  \0$aMattheson$3voor-reden (1, 23, 24), 26, 46, 70$020136700$w05H22$934534
=653  \0$aMersenne$3107, 121, 122$020136700$w05H22$934691
=653  \0$aMizler, C.$3116$020136700$w05H22$934783
=653  \0$amordent$325, 58, 64$020136700$w05H22$934868
=653  \\$aBassetti$3108$929161$020136700$w05H22
=653  \\$abasso continuo school_Nederlands$3opdracht (a3)$929173$020136700$w05H22
=653  \\$abasso continuo_akkoord op rust in bas$315, 16$929179$020136700$w05H22
=653  \\$abasso continuo_begrenzing$320$929183$020136700$w05H22
=653  \\$abasso continuo_overbindingen in $373-75$929198$020136700$w05H22
=653  \\$abasso continuospel_sierlijk$3voor-reden (9, 10), 22-25, 26$929203$020136700$w05H22
=653  \\$aFreudenberg, Mej.$344$931907$020136700$w05H22
=653  \\$aKirchhoff_bc school$3voor-reden (23)$933417$020136700$w05H22
=653  \\$akwint/tertsregisters op orgel$3113, 114, 115, 116, 117$933827$020136700$w05H22
=653  \\$amordent op ondersecunde$325$934872$020136700$w05H22
=653  \\$aoktaafverdubbeling in bas$321, 22, 108$935353$020136700$w05H22
=653  \\$atenoriserende cadens$334, 35$936846$020136700$w05H22
=653  \\$atrillo is niet bockstriller$325$937163$020136700$w05H22
=653  \\$aWitvogel$3tp, voor-reden (7, 22)$938028$020136700$w05H22
=700  \\$4trl$4win$aHavingha, Gerhardus$d1696-1753$1http://www.wikidata.org/entity/Q55835995$96203
=765  \\$aTreulicher Unterricht im General-Bass
=856  \\$uhttp://objects.library.uu.nl/reader/index.php?obj=1874-23436&lan=en#page//30/26/79/30267995063337891329308088011753389633.jpg/mode/1up$3University of Utrecht
=942  \\$cBOO
=952  \\$00$10$2ddc$40$6KTS_1_000000000000000_C1_09_05H22$70$8RAR$91131$aORPH$bORPH$cKTS1_C1$d2020-07-08$eKoopman$l0$oKTS1 C1.09 05H22$p20136700$r2021-01-12 00:00:00$w2021-01-12$yBOO
=999  \\$d1131

