=LDR  11233aam a2201981   4500
=001  1134
=008  210419s1751\\\\\\\|||||\||||\00|\0ddut\d
=041  \\$adut
=100  \\$aLustig, Jacob Wilhelm$d1706-1796$4aut$1http://www.wikidata.org/entity/Q1677671$95820
=245  \\$aInleiding tot de muzykkunde
=250  \\$a1st ed.
=260  \\$aGroningen$bVechnerus$c1751
=300  \\$a[xii]-340-[20] pages
=500  \\$aJacob Wilhelm Lustig (1706-1796) is one of Ton Koopman's favorite authors ("he wrote in Dutch beautifully" - Koopman 2016, 675
=501  \\$aLustig's 'Muzykaale spraakkonst' (1754)
=504  \\$aindex
=590  \\$auit klaare, onwederspreekelyke gronden, de innerlyke geschapenheid, de oorzaken van de zonderbaare uitwerkselen, de groote waarde, en 't regte gebruik der MUZYKKONST aanwyzende.
=648  \0$a18th Century (1701-1800)$1http://www.wikidata.org/entity/Q7015$920899
=650  \0$aMusic theory$1http://www.wikidata.org/entity/Q193544$92662
=650  \0$aMusic history$1http://www.wikidata.org/entity/Q846047$921373
=651  \0$aNetherlands$1http://www.wikidata.org/entity/Q55$9173
=653  \0$aa =$374, 75, 76, 77, 100, 101, 157$020136723a$w05H26a$928388
=653  \0$aaccentuatie in maat$3189-193, 194$020136723a$w05H26a$928445
=653  \0$aademhalen$3202$020136723a$w05H26a$928491
=653  \0$aafwisseling$3333$020136723a$w05H26a$928514
=653  \0$aakoestiek$334-84, 84-94, 94-152, 175, 176, 206, 232$020136723a$w05H26a$928552
=653  \0$aarpeggio$3219$020136723a$w05H26a$928797
=653  \0$aArtistoxenos$3237$020136723a$w05H26a$928826
=653  \0$ablokfluit$3103$020136723a$w05H26a$929645
=653  \0$abasso continuo$3100, 169, 203, 249$020136723a$w05H26a$929163
=653  \0$aboekprijs$3tp?$020136723a$w05H26a$929701
=653  \0$aBoëthius$3242$020136723a$w05H26a$929717
=653  \0$aBonnet$3248$020136723a$w05H26a$929751
=653  \0$abeiaard$361, 62, 71, 101, 139$020136723a$w05H26a$929377
=653  \0$abourrée$3308$020136723a$w05H26a$929844
=653  \0$aBrossard, S. de$3x, 4v, 5v$020136723a$w05H26a$929962
=653  \0$aCarissimi$3250$020136723a$w05H26a$930243
=653  \0$amuziek = $313, 14, 17, 19, 24, 297, 298, 299, 304, 305$020136723a$w05H26a$934994
=653  \0$amuziek en geneeskunde$355, 274, 275, 276, 295$020136723a$w05H26a$935001
=653  \0$amuziek en wetenschap$323, 24, 29, 30$020136723a$w05H26a$935007
=653  \0$amuziek en wiskunde$3269$020136723a$w05H26a$935008
=653  \0$amuziek in eredienst$3307, 311-322$020136723a$w05H26a$935012
=653  \0$amuziek in Middeleeuwen$3244-249$020136723a$w05H26a$935016
=653  \0$aChinese muziek$3237, 238$020136723a$w05H26a$930437
=653  \0$amuziekgeschiedenis$3209-211, 211-263, 311-320$020136723a$w05H26a$935073
=653  \0$aNederlandse muziek$35v-i$020136723a$w05H26a$935182
=653  \0$aNeidhardt$3152$020136723a$w05H26a$935195
=653  \0$acomponeren$35, 6, 199, 204-207, 207-208, 256, 300-311, 320, 334$020136723a$w05H26a$930621
=653  \0$aCorelli, A.$3252$020136723a$w05H26a$930736
=653  \0$aoperamuziek in kerk$3307$020136723a$w05H26a$935435
=653  \0$aCouchet$3333$020136723a$w05H26a$930778
=653  \0$adansen$321, 189, 308, 309$020136723a$w05H26a$930928
=653  \0$aDescartes$3184$020136723a$w05H26a$931024
=653  \0$aoude muziek vroeger$3214, 221, 222, 225, 250$020136723a$w05H26a$935658
=653  \0$adieren en muziek$3260-263, 265$020136723a$w05H26a$931069
=653  \0$adiminuties$312, 202, 203, 329$020136723a$w05H26a$931087
=653  \0$adirigent$312$020136723a$w05H26a$931092
=653  \0$adissonant$3168-184, 307, 325-328$020136723a$w05H26a$931109
=653  \0$adoedelzak$3261$020136723a$w05H26a$931125
=653  \0$apassepied$3309$020136723a$w05H26a$935789
=653  \0$aDouwes, C.$3x, 5v$020136723a$w05H26a$931180
=653  \0$aDowland, J.$3252$020136723a$w05H26a$931188
=653  \0$aDuitse muziek$3255, 256, 303$020136723a$w05H26a$931280
=653  \0$aplagiaat$3303$020136723a$w05H26a$936010
=653  \0$aemoties$31, 19, 20, 32, 207, 212, 217, 225, 228, 229, 232, 243, 251, 254, 265, 266, 267, 268, 269, 272, 273, 277, 278, 281, 282, 283, 284, 286, 289-293, 300, 305, 308, 330$020136723a$w05H26a$931445
=653  \0$aEngelse muziek$3252, 256$020136723a$w05H26a$931471
=653  \0$aenharmonisch$3119$020136723a$w05H26a$931478
=653  \0$aprima vista$3253, 254$020136723a$w05H26a$936203
=653  \0$apubliek$3207, 208, 254, 261 sic, 273, 304, 331, 332$020136723a$w05H26a$936257
=653  \0$aPurcell, H.$3252$020136723a$w05H26a$936282
=653  \0$asolmisatie$3247$020136723a$w05H26a$936344
=653  \0$aflageolet op viool$3140$020136723a$w05H26a$931742
=653  \0$afortepiano_Nederland 18e eeuw$3190$020136723a$w05H26a$931835
=653  \0$afrans - italiaans$3253, 254, 255, 256, 303$020136723a$w05H26a$931871
=653  \0$aFranse invloed in Europa$3251, 252, 256, 303$020136723a$w05H26a$931880
=653  \0$aStradella$3243$020136723a$w05H26a$936615
=653  \0$afraseren$3194, 195$020136723a$w05H26a$931895
=653  \0$agamba$3103$020136723a$w05H26a$931995
=653  \0$aGambenwerk$3190$020136723a$w05H26a$932002
=653  \0$agavotte$3308$020136723a$w05H26a$932051
=653  \0$atekstuitspraak$3190$020136723a$w05H26a$936786
=653  \0$aTelemann, G.P.$3303, 304$020136723a$w05H26a$936796
=653  \0$atemperatuur$395, 107-118, 129, 130, 148-152, 157$020136723a$w05H26a$936807
=653  \0$atempo$3189, 191, 192, 267$020136723a$w05H26a$936814
=653  \0$atoevoegen van trillers etc. $311, 12$020136723a$w05H26a$936991
=653  \0$atoonaardkarakteristieken$3235, 236$020136723a$w05H26a$937026
=653  \0$agoût$3164, 167, 208, 253, 254, 256$020136723a$w05H26a$932303
=653  \0$atransponeren$3130$020136723a$w05H26a$937072
=653  \0$aGriekse muziek$3224-237, 240, 243, 244$020136723a$w05H26a$932396
=653  \0$aGriekse tragedie en muziek$3227-229$020136723a$w05H26a$932400
=653  \0$atromba marina$396, 140, 261$020136723a$w05H26a$937183
=653  \0$aharmonie der sferen$339, 39$020136723a$w05H26a$932575
=653  \0$auit het hoofd zingen$312$020136723a$w05H26a$937282
=653  \0$aViadana$3249, 315$020136723a$w05H26a$937525
=653  \0$aviool$3332, 333$020136723a$w05H26a$937605
=653  \0$aVivaldi, A.$3278$020136723a$w05H26a$937660
=653  \0$aimprovisatie$37, 8, 13, 334$020136723a$w05H26a$933059
=653  \0$ainterpretatie vroeger$310, 12, 13, 207, 208, 272, 281, 331, 333$020136723a$w05H26a$933102
=653  \0$aVossius, I.$3230$020136723a$w05H26a$937785
=653  \0$aItaliaanse invloed in Europa$3250, 251, 252, 253, 255, 256, 303, 304$020136723a$w05H26a$933145
=653  \0$aWalther, J.G.$3x, 3v$020136723a$w05H26a$937860
=653  \0$ajoodse muziek$3218-224$020136723a$w05H26a$933246
=653  \0$akerktoonsoorten$3235, 236$020136723a$w05H26a$933376
=653  \0$akerkzang$3200, 201$020136723a$w05H26a$933379
=653  \0$azang als voorbeeld$3203, 204, 307$020136723a$w05H26a$938078
=653  \0$azuiverheid$386, 87, 150$020136723a$w05H26a$938176
=653  \0$aklavecimbel_Nederland 18e eeuw$380, 81, 84, 176, 333$020136723a$w05H26a$933503
=653  \0$aklavichord_Nederland 18e eeuw$3190$020136723a$w05H26a$933585
=653  \0$arepeteren$3254$020136723a$w05H26a$938377
=653  \0$aretorica$3266, 267$020136723a$w05H26a$938388
=653  \0$akoor/orkestbezetting$3239, 258, 259, 320$020136723a$w05H26a$933678
=653  \0$aKuhnau, J.$3278$020136723a$w05H26a$933783
=653  \0$arondeau$3309$020136723a$w05H26a$938539
=653  \0$akwint/oktaafparallellen$326, 185$020136723a$w05H26a$933824
=653  \0$aRuckers$3333$020136723a$w05H26a$938619
=653  \0$asalaris$3256, 257$020136723a$w05H26a$938697
=653  \0$alesgeven$3338$020136723a$w05H26a$934068
=653  \0$aScheibe$313, 227$020136723a$w05H26a$938809
=653  \0$aSchickhardt$3303$020136723a$w05H26a$938852
=653  \0$aloure$3309$020136723a$w05H26a$934236
=653  \0$aluit$3260$020136723a$w05H26a$934262
=653  \0$aluitregister op klavecimbel$362$020136723a$w05H26a$934268
=653  \0$aLully$3252, 257$020136723a$w05H26a$934271
=653  \0$aLustig, J.W.$3wb$020136723a$w05H26a$934291
=653  \0$asnaren (strijkinstrumenten)$374$020136723a$w05H26a$939193
=653  \0$amars$3308, 309$020136723a$w05H26a$934486
=653  \0$aMattheson, J.$3x, 4v, 13, 209, 211, 338$020136723a$w05H26a$934535
=653  \0$amecenas$3257-259$020136723a$w05H26a$934574
=653  \0$amensuurtekens$3192, 193$020136723a$w05H26a$934669
=653  \0$amenuet$321, 308$020136723a$w05H26a$934673
=653  \0$amonochord$3121-134, 139-142, 237$020136723a$w05H26a$934823
=653  \\$aatheist en kerkmuziek$3271, 272, 295$928851$020136723a$w05H26a
=653  \\$adoctor in musick$323$931121$020136723a$w05H26a
=653  \\$aFarinelli$3257$931610$020136723a$w05H26a
=653  \\$agedrag van muzikant$32324$932066$020136723a$w05H26a
=653  \\$aGottsched$3213, 265$932285$020136723a$w05H26a
=653  \\$aHubner$3101$932970$020136723a$w05H26a
=653  \\$aHuygens, Christiaan$3107, 116, 168, 318$921166$020136723a$w05H26a
=653  \\$aHuygens, Constantijn$3107, 116, 168, 318$95174$020136723a$w05H26a
=653  \\$akattenorgel$3263$933320$020136723a$w05H26a
=653  \\$akieltjes$381, 87$933396$020136723a$w05H26a
=653  \\$aklavecimbelspel$3193$933543$020136723a$w05H26a
=653  \\$akok$3163$933666$020136723a$w05H26a
=653  \\$aleger vs musici$312$933988$020136723a$w05H26a
=653  \\$aLocatelli$3303$934167$020136723a$w05H26a
=653  \\$aMek (?)$3303$934623$020136723a$w05H26a
=653  \\$ametronoom voor 1800$3192$934716$020136723a$w05H26a
=653  \\$aMusschenbroek, van $362, 64$934981$020136723a$w05H26a
=653  \\$aopera$3296, 305, 324$935411$020136723a$w05H26a
=653  \\$aorgel met gouden pijpen $3258$935486$020136723a$w05H26a
=653  \\$aPoolse muziek$3303, 304, 309$936073$020136723a$w05H26a
=653  \\$aPythagoras$3231, 236, 237$921682$020136723a$w05H26a
=653  \\$aRomeinen en muziek$3239-244$938536$020136723a$w05H26a
=653  \\$aSauveur$3107, 139$938774$020136723a$w05H26a
=653  \\$astaafspel$3190$936467$020136723a$w05H26a
=653  \\$aStainer$3332$936496$020136723a$w05H26a
=653  \\$aTartini$3303$936748$020136723a$w05H26a
=653  \\$atrompet$3101, 127, 136, 137, 219, 220, 222, 275$937194$020136723a$w05H26a
=653  \\$avernis en strijkinstrumenten$380$937424$020136723a$w05H26a
=653  \\$aVlaamse scholen$3249, 250$937670$020136723a$w05H26a
=653  \\$avogels en muziek$3261, 262, 319$937697$020136723a$w05H26a
=653  \\$azangstem$388-94$938108$020136723a$w05H26a
=653  \\$azwijnenorgel$3262, 263$938196$020136723a$w05H26a
=773  \\$01134$tInleiding tot de muzykkunde$w1134
=856  \\$uhttps://imslp.org/wiki/Inleiding_tot_de_Muzykkunde_(Lustig%2C_Jacob_Wilhelm)$3International Music Score Library Project
=942  \\$cBOO
=952  \\$00$10$2ddc$40$6KTS_1_000000000000000_C1_10_05H26A$70$8RAR$91134$aORPH$bORPH$cKTS1_C1$d2020-07-08$eKoopman$l0$oKTS1 C1.10 05H26a$p20136723a$r2021-01-12 00:00:00$w2021-01-12$yBOO
=999  \\$d1134

