=LDR  01916    a2200301   4500
=001  1136
=008  210617s1813\\\\\\\|||||\||||\00|\p\grc\d
=041  \\$agrc
=100  \\$aAnacreon$d582 BC-485 BC$4aut$1http://www.wikidata.org/entity/Q213484$95821
=245  \\$aAnacreontis odaria, ad textus Barnesiani fidem emendata.$bAccedunt variæ lectiones
=250  \\$aEd. altera
=260  \\$aLondon$bHowlett$c1813
=300  \\$a130 pages$billustrations
=336  \\$abook
=336  \\$aprinted
=500  \\$aThis edition of Anacreon was originally published in 1802 for which William Bulmer furnished a Greek font; the title-plates and vignettes were by Lavinia Forster.
=500  \\$aAnacreon (582 BC-485 BC) was a Greek lyric poet, notable for his drinking songs and erotic poems.  Anacreon wrote all of his poetry in the ancient Ionic dialect. Like all early lyric poetry, it was composed to be sung or recited to the accompaniment of music, usually the lyre. Anacreon's poetry touched on universal themes of love, infatuation, disappointment, revelry, parties, festivals and the observations of everyday people and life.
=500  \\$aEdition based on the one of Joshua Barnes (1705) 
=500  \\$a3 poems are translated in english, pensil, manuscript
=590  \\$acura Edvardi Forster
=648  \0$aClassical Antiquity (8th Century BC-6th Century AD)$1http://www.wikidata.org/entity/Q486761$921435
=650  \0$aPoetry$1http://www.wikidata.org/entity/Q482$93026
=700  \\$4edt$aForster, Edward A. M.$d1769-1828$95822
=700  \\$4ctb$aBarnes, Joshua $d1654-1712$1http://www.wikidata.org/entity/Q3186021$921723
=856  \\$uhttps://books.google.be/books?id=EaJhAAAAcAAJ$3Google Books
=942  \\$cBOO
=952  \\$00$10$2ddc$40$6KTS_1_000000000000000_C1_10_05H27$70$8RAR$91136$aORPH$bORPH$cKTS1_C1$d2020-07-08$eKoopman$i05H27$l0$oKTS1 C1.10 05H27$p20136721$r2021-01-12 00:00:00$w2021-01-12$yBOO
=999  \\$d1136

