=LDR  01341    a2200265   4500
=001  1138
=008  210617s1841\\\\\\\|||||\||||\00|\0bdut\d
=041  \\$adut
=100  \\$aKist, Florentius Cornelis$d1796-1863$4aut$1http://www.wikidata.org/entity/Q22283657$95825
=245  \\$aDe levens-geschiedenis van Orland de Lassus,$bMet een Portret en Muzijk
=250  \\$a1st ed.
=260  \\$aThe Hague$bSchinkel$c1841
=300  \\$a56-[1] pages$bfolded page musical example, illustration
=336  \\$abook
=336  \\$aprinted
=500  \\$aFlorentius Cornelis Kist was a Dutch physician, music editor, critic, composer and musicologist.

=500  \\$aFrontispiece illustration: portrait Lassus by P.W. v.d. Weger, Utrecht 
=600  \0$aLassus, Orlandus$d1530/32-1594$1http://www.wikidata.org/entity/Q154792$96856
=648  \0$a16th Century (1501-1600)$1http://www.wikidata.org/entity/Q7017$920944
=650  \0$aMusic history$1http://www.wikidata.org/entity/Q846047$921373
=650  \0$aBiography$1http://www.wikidata.org/entity/Q36279$91927
=856  \\$uhttps://books.google.be/books?id=KNFSAAAAcAAJ$3Google Books
=942  \\$cBOO
=952  \\$00$10$2ddc$40$6KTS_1_000000000000000_C1_10_05H29$70$8RAR$91138$aORPH$bORPH$cKTS1_C1$d2020-07-08$eKoopman$i05H29$l0$oKTS1 C1.10 05H29$p20136719$r2021-01-12 00:00:00$w2021-01-12$yBOO
=999  \\$c1138$d1138

