=LDR  01108    a2200241   4500
=001  1139
=008  210617s1697\\\\\\\|||||\||||\00|\p\dut\d
=041  \\$adut
=100  \\$aSweerts, Hieronymus$d1629-1696$4aut$1http://www.wikidata.org/entity/Q2693785$95826
=245  \\$aAlle de gedichten van Hieronymus Sweerts
=260  \\$aAmsterdam$bSweerts$c1697
=300  \\$a[xxii]-908-[12] pages
=336  \\$abook
=336  \\$aprinted
=500  \\$aBeuatiful frontispiece : Portrait of Hieronymus Sweerts by B. Vaillant (subscript by L. Bidloo)
=561  \\$aEx Libris Robert vanden Berghe (mansucript)
=648  \0$a17th Century (1601-1700)$1http://www.wikidata.org/entity/Q7016$920923
=650  \0$aPoetry$1http://www.wikidata.org/entity/Q482$93026
=651  \0$aNetherlands$1http://www.wikidata.org/entity/Q55$9173
=856  \\$uhttps://books.google.be/books?id=sxxjAAAAcAAJ$3Google Books
=942  \\$cBOO
=952  \\$00$10$2ddc$40$6KTS_1_000000000000000_C1_10_05I01$70$8RAR$91139$aORPH$bORPH$cKTS1_C1$d2020-07-08$eKoopman$i05I01$l0$oKTS1 C1.10 05I01$p20136727$r2021-01-12 00:00:00$w2021-01-12$yBOO
=999  \\$c1139$d1139

