=LDR  05803aam a2201081   4500
=001  1140
=005  20251001090845.0
=008  210617s1780\\\\\\\|||||\||||\00|\0\dut\d
=041  \\$adut
=100  \\$aBurgvliet, Lucas Jacob$4edt$95827
=245  \\$aDe muzykonderwijzer, of volledig onderwijs in de gronden der muzyk-kunde
=260  \\$aRotterdam$bBurgvliet$c1780
=300  \\$a3 volumes in 1 ([iv]-388-[28] pages), 17 plates$bmusic examples, folded pages
=504  \\$aindex
=648  \0$a18th Century (1701-1800)$1http://www.wikidata.org/entity/Q7015$920899
=650  \0$aMethod$1http://www.wikidata.org/entity/Q2250960$921402
=650  \0$aMusic theory$1http://www.wikidata.org/entity/Q193544$92662
=650  \0$aMusic teacher$1http://www.wikidata.org/entity/Q16145150$93068
=651  \0$aNetherlands$1http://www.wikidata.org/entity/Q55$9173
=653  \0$a...-stemmig bc$3207, 224, 228, 229$020136726$w05I02$928337
=653  \0$aaccentuatie in maat$3215, 216, 373-386, 376-383$020136726$w05I02$928445
=653  \0$aademvibrato bij blazers$3104$020136726$w05I02$928494
=653  \0$aarpeggio$3217, 218, 219, 220, 222$020136726$w05I02$928797
=653  \0$aarticulatie$3ii, v$020136726$w05I02$928812
=653  \0$abasso continuo$3i, 119-230, 215-216, 380, 381, 382, pl.xi, pl.xii, pl.xvii$020136726$w05I02$929163
=653  \0$abc als harmornieleer$3120$020136726$w05I02$929243
=653  \0$acadens$3ii, 118$020136726$w05I02$930106
=653  \0$acello$3i, iii, 65, 66$020136726$w05I02$930344
=653  \0$anotatieproblemen$3pl. ii, pl. vi$020136726$w05I02$935285
=653  \0$acontrabas$3i$020136726$w05I02$930692
=653  \0$apandora$3133$020136726$w05I02$935734
=653  \0$adubbelslag$3108, 109, 110$020136726$w05I02$931248
=653  \0$adynamiek$3ii$020136726$w05I02$931346
=653  \0$aport de voix$3115, 116$020136726$w05I02$936088
=653  \0$afermate$3ii, 118$020136726$w05I02$931664
=653  \0$astaccato$3ii$020136726$w05I02$936473
=653  \0$astreektechniek$3ii, 118$020136726$w05I02$936623
=653  \0$agamba $3133$020136726$w05I02$931996
=653  \0$atasto solo$3211$020136726$w05I02$936760
=653  \0$atekst$3221, 373-386$020136726$w05I02$936775
=653  \0$agesticuleren$3iv, 72$020136726$w05I02$932158
=653  \0$atempo van recitatief$3221$020136726$w05I02$936828
=653  \0$atempo van triller$3118$020136726$w05I02$936830
=653  \0$agitaar$3133$020136726$w05I02$932207
=653  \0$atremulant$3104$020136726$w05I02$937097
=653  \0$atriller$3104, 105, 106, 107$020136726$w05I02$937111
=653  \0$atriller_vingerzetting$3107, 108$020136726$w05I02$937136
=653  \0$agroppo$3116, 117$020136726$w05I02$932429
=653  \0$atrillers in bc$3217, 218, 220$020136726$w05I02$937152
=653  \0$atriolen$3i$020136726$w05I02$937166
=653  \0$ahandhouding$3iii, iv$020136726$w05I02$932548
=653  \0$aharp$3133$020136726$w05I02$932582
=653  \0$aunisono$3211$020136726$w05I02$937298
=653  \0$aversieringen$3102-118$020136726$w05I02$937484
=653  \0$aViadana$3i, 121$020136726$w05I02$937525
=653  \0$avibrato$3103, 104$020136726$w05I02$937531
=653  \0$avingerzetting$3iii-xii, 65-71, 73-92, 107, 108, 132, pl.iv, pl.v, pl.vi$020136726$w05I02$937568
=653  \0$aviool$3iii, 65, 66, 116$020136726$w05I02$937605
=653  \0$avoorslag$3110, 111, 112, 113, 114, 115$020136726$w05I02$937751
=653  \0$avoorslag op de tel$3111, 115$020136726$w05I02$937753
=653  \0$avoorslag voor de tel$3111, 115$020136726$w05I02$937755
=653  \0$azuiverheid$365$020136726$w05I02$938176
=653  \0$arecitatief$3218, 221, 222, 374$020136726$w05I02$938285
=653  \0$aklavieromvang$3iii, 70$020136726$w05I02$933604
=653  \0$aribatutta$3117, 118$020136726$w05I02$938412
=653  \0$akwint/oktaafparallellen$3208, 209, 210, 211, 216$020136726$w05I02$933824
=653  \0$arubato$3221$020136726$w05I02$938615
=653  \0$alegato$3ii, 118$020136726$w05I02$933986
=653  \0$aluit$3133$020136726$w05I02$934262
=653  \0$amordent$3106, 107$020136726$w05I02$934868
=653  \\$a5/4 maat$3379$928385$020136726$w05I02
=653  \\$aachtsten onder boogje met puntjes$3ii, 118$928460$020136726$w05I02
=653  \\$aBebung$3104$929306$020136726$w05I02
=653  \\$abegrenzing van bc-partij$3206, 207$929372$020136726$w05I02
=653  \\$adissonant - oplossing$3212, 213, 228$931110$020136726$w05I02
=653  \\$aHavingha$3128$932632$020136726$w05I02
=653  \\$aHess$3229, 230$932749$020136726$w05I02
=653  \\$aindeling per maat van basso continuo$3215, 216$933067$020136726$w05I02
=653  \\$aklav[ecimbel] spel$3iii-xii, 65-92$933449$020136726$w05I02
=653  \\$akorte noten in recitatief bc$3222, 223$933726$020136726$w05I02
=653  \\$alengte van voorslag$3111, 112$934044$020136726$w05I02
=653  \\$aMizlersocieteit$3209$934787$020136726$w05I02
=653  \\$anaslag$3110, 113, 114$935152$020136726$w05I02
=653  \\$aoefening voor beginners$3v-viii, 74-77$935333$020136726$w05I02
=653  \\$aregels voor klav.speler$370-73$938306$020136726$w05I02
=653  \\$asierlijke basso continuo$3215, 216, 217-230$939108$020136726$w05I02
=653  \\$atempo voorslag$3111$936834$020136726$w05I02
=653  \\$atriller + naslag $3106$937113$020136726$w05I02
=653  \\$avoorhouding - oplossing$3112$937743$020136726$w05I02
=856  \\$uhttps://books.google.be/books?id=z1Uzh3A_S64C; https://books.google.be/books?id=GMKZBMPlY3oC; https://books.google.be/books?id=Gt1JoTDUG40C$3Google Books
=942  \\$cBOO
=952  \\$00$10$2ddc$40$6KTS_1_000000000000000_C1_10_05I02$70$8RAR$91140$aORPH$bORPH$cKTS1_C1$d2020-07-08$eKoopman$l0$oKTS1 C1.10 05I02$p20136726$r2021-01-12 00:00:00$w2021-01-12$yBOO
=999  \\$d1140

