=LDR  01143    a2200253   4500
=001  1142
=008  210617s1834\\\\\\\|||||\||||\00|\p\dut\d
=041  \\$adut
=100  \\$aClaudius, Matthias$d1740-1815$4aut$1http://www.wikidata.org/entity/Q77338$95828
=245  \\$aLiedjes
=250  \\$a2nd ed.
=260  \\$aLeeuwarden$bSuringar$c1834
=300  \\$aviii-112 pages$billustrations
=336  \\$abook
=336  \\$aprinted
=500  \\$aClaudius, alias Asmus (1740-1815), was a German poet and journalist.
=500  \\$aDe first edition of Claudius' poetry translated by Tollens was published in 1832.
=648  \0$a19th Century (1801-1900)$1http://www.wikidata.org/entity/Q6955$920935
=650  \0$aPoetry$1http://www.wikidata.org/entity/Q482$93026
=700  \\$4trl$aTollens, Hendrik$d1780-1856$1http://www.wikidata.org/entity/Q127348$94803
=856  \\$uhttps://books.google.be/books?id=luJNAAAAcAAJ$3Google Books
=942  \\$cBOO
=952  \\$00$10$2ddc$40$6KTS_1_000000000000000_C1_10_05I04$70$8RAR$91142$aORPH$bORPH$cKTS1_C1$d2020-07-08$eKoopman$i05I04$l0$oKTS1 C1.10 05I04$p20136725$r2021-01-12 00:00:00$w2021-01-12$yBOO
=999  \\$c1142$d1142

