=LDR  03098    a2200601   4500
=001  1143
=008  210617s1731\\\\\\\|||||\||||\00|\p\dut\d
=041  \\$adut
=245  \\$aProeve van dichtoeffening,$bbestaande in Herderszangen, Brieven, Klink- en Mengeldichten
=260  \\$aLeiden$bJanssoons Van der Aa$c1731
=300  \\$a[xxiv]-353-[5] pages$billustrations
=500  \\$aCollection of Horatian and Anacreontic poems in rococo style
=600  \0$aHoratius$d65 BC-8 BC$1http://www.wikidata.org/entity/Q6197$94875
=600  \0$aAnacreon$d582 BC-485 BC$1http://www.wikidata.org/entity/Q213484$95821
=648  \0$a18th Century (1701-1800)$1http://www.wikidata.org/entity/Q7015$920899
=650  \0$aPoetry$1http://www.wikidata.org/entity/Q482$93026
=651  \0$aNetherlands$1http://www.wikidata.org/entity/Q55$9173
=653  \0$a??$330$020136728$w05I05$928331
=653  \0$aalchemie$3348$020136728$w05I05$928573
=653  \0$abibliotheek$3177$020136728$w05I05$929548
=653  \0$ablokfluit$330, 260$020136728$w05I05$929645
=653  \0$aBoileau$3x6, 172, 334$020136728$w05I05$929729
=653  \0$aBurmannius$3236$020136728$w05I05$930053
=653  \0$adwarsfluit$31$020136728$w05I05$931340
=653  \0$aechoeffekt$371, 72$020136728$w05I05$931377
=653  \0$aPoot, H.K.$3222$020136728$w05I05$936076
=653  \0$aErasmus$3236$020136728$w05I05$931501
=653  \0$aFontaine, de la$361$020136728$w05I05$931809
=653  \0$aGroot, H. de$3340$020136728$w05I05$932424
=653  \0$atrompet$330$020136728$w05I05$937194
=653  \0$ahobo$330$020136728$w05I05$932805
=653  \0$aHooft, P.C._na dood$392, 96, 168, 173, 341$020136728$w05I05$932905
=653  \0$aHooghstraten, D. van $3341, 342$020136728$w05I05$932914
=653  \0$aHuygens, C.$3156, 173, 240$020136728$w05I05$933032
=653  \0$aVondel_na dood$392, 96$020136728$w05I05$937733
=653  \0$aWellekens, J.B.$3x6, 163$020136728$w05I05$937919
=653  \0$azangeres$3347$020136728$w05I05$938089
=653  \0$azink$330$020136728$w05I05$938157
=653  \0$aluit$3346$020136728$w05I05$934262
=653  \\$aBrandt, G.$3162$929884$020136728$w05I05
=653  \\$aDafnis en Chloe$3110-113$930903$020136728$w05I05
=653  \\$aHuydecoper, B.$3x3-x5, 240$933030$020136728$w05I05
=653  \\$aMieris, Fr. van $3x7, 1, 74, 122, 185, 260$934755$020136728$w05I05
=653  \\$aMoonen$3x6$934861$020136728$w05I05
=653  \\$aPhilips, K. [of Philips, I.C. ?]$3x10, 30, 44, 51, 83, 87, 104, 191-212, 224, 325$935929$020136728$w05I05
=653  \\$aSnakenburg, H.$3xx2$939188$020136728$w05I05
=653  \\$aSwanke, W.$3164$936688$020136728$w05I05
=700  \\$4aut$aElias, Jacob$d1698-1750$95829
=700  \\$4aut$aSnakenburg, Theodoor van$d1695-1750$1http://www.wikidata.org/entity/Q95142083$921724
=856  \\$uhttps://books.google.be/books?id=T0taAAAAcAAJ$3Google Books
=942  \\$cBOO
=952  \\$00$10$2ddc$40$6KTS_1_000000000000000_C1_10_05I05$70$8RAR$91143$aORPH$bORPH$cKTS1_C1$d2020-07-08$eKoopman$i05I05$l0$oKTS1 C1.10 05I05$p20136728$r2021-01-12 00:00:00$w2021-01-12$yBOO
=999  \\$d1143

