=LDR  04940aam a2200889   4500
=001  1144
=008  210617s1787\\\\\\\|||||\||||\00|\0\dut\d
=041  \\$adut
=100  \\$aVerschuere Reijnvaen, Joos$d1737-1808$4aut$1http://www.wikidata.org/entity/Q11927169$95830
=245  \\$aCatechismus der muzijk
=260  \\$aAmsterdam; Rotterdam$bJong, de; Burgvliet$c1787
=300  \\$axvi-232 pages, 37 folded plates$bmusic examples, folded pages
=500  \\$aJoos Verschuere Reijnvaen was "Organist en Klokkenist" in Vlissingen (Netherlands)
=648  \0$a18th Century (1701-1800)$1http://www.wikidata.org/entity/Q7015$920899
=650  \0$aMusic theory$1http://www.wikidata.org/entity/Q193544$92662
=650  \0$aMethod$1http://www.wikidata.org/entity/Q2250960$921402
=651  \0$aNetherlands$1http://www.wikidata.org/entity/Q55$9173
=653  \0$a?-stemmig bc$3156, 157, 159$020136729$w05I06$928330
=653  \0$aa =$3179, 181$020136729$w05I06$928388
=653  \0$aappoggiatura$324, 27$020136729$w05I06$928737
=653  \0$aarpeggio$3163, 166, pl.xxv$020136729$w05I06$928797
=653  \0$aartikulatie$316, 17, 22, 27, pl.v, pl.xii, pl.xvii-xix$020136729$w05I06$928817
=653  \0$aBach, Johann Chr. $3pl.viii, 82, 84$020136729$w05I06$928988
=653  \0$abasso continuo$3156-166, pl.xxii, 189$020136729$w05I06$929163
=653  \0$aBrossard$3155$020136729$w05I06$929959
=653  \0$acello$3tp$020136729$w05I06$930344
=653  \0$acomponeren$3101-114$020136729$w05I06$930621
=653  \0$aCorelli, A.$3pl.vii, 81, pl.viii, 82, 158$020136729$w05I06$930736
=653  \0$aorgel in eredienst$3217-225$020136729$w05I06$935479
=653  \0$aorgelregistratie$3201, 203$020136729$w05I06$935575
=653  \0$aoude muziek vroeger$381, 82, 158$020136729$w05I06$935658
=653  \0$adiminuties$3169, pl.xxvii-xxxv$020136729$w05I06$931087
=653  \0$apedaalspel$3200-204$020136729$w05I06$935827
=653  \0$adrukfouten$3xvi$020136729$w05I06$931221
=653  \0$adwarsfluit$3115, 116$020136729$w05I06$931340
=653  \0$adynamiek$326, 27, 146, 147, 148$020136729$w05I06$931346
=653  \0$adynamiek en bc$3156, 157, 158, 159, 163$020136729$w05I06$931351
=653  \0$aenharmoniek$354, 56$020136729$w05I06$931476
=653  \0$afermate$318, 19$020136729$w05I06$931664
=653  \0$afrasering$3126-133$020136729$w05I06$931896
=653  \0$afuga$3149-155$020136729$w05I06$931941
=653  \0$atemperatuur$336-40, pl.xxviii$020136729$w05I06$936807
=653  \0$atempo$310-13, 28-30$020136729$w05I06$936814
=653  \0$atempo van trillers$324$020136729$w05I06$936831
=653  \0$atoevoegen van trillers etc.$3169, pl.xxvi-xxxv$020136729$w05I06$936990
=653  \0$atremulant$323$020136729$w05I06$937097
=653  \0$atrillers etc. $323-pl.iii$020136729$w05I06$937147
=653  \0$aHändel, G.F.$3pl.vii, 81$020136729$w05I06$932536
=653  \0$aharp$3tp$020136729$w05I06$932582
=653  \0$ahobo$3115, 116, pl.xv$020136729$w05I06$932805
=653  \0$ahoorn$3116, pl.xv, 116x$020136729$w05I06$932928
=653  \0$aimprovisatie$3196-199, pl.xxxii, pl.xxxiii, pl.xxxvi$020136729$w05I06$933059
=653  \0$aWagenseil$3pl.vii, 81, pl.viii, 82$020136729$w05I06$937831
=653  \0$aklarinet$3116, pl.xv$020136729$w05I06$933442
=653  \0$arecitatief$3163, 166$020136729$w05I06$938285
=653  \0$aklavichord_Nederland 18e eeuw$323$020136729$w05I06$933585
=653  \0$aribattuta$326, pl.iii$020136729$w05I06$938407
=653  \0$akwint/oktaafparallelen$376, 77, 82, 114, 115, 186, 190, pl.xxix, 192, pl.xxx-xxxi$020136729$w05I06$933823
=653  \0$aLapis, S.$3pl.vii, 81$020136729$w05I06$933909
=653  \0$alengte van appoggiatura$3pl.iii$020136729$w05I06$934038
=653  \0$aLustig, J.W.$335, 38, pl.viii, 82, 125, 155, 231$020136729$w05I06$934291
=653  \0$amenuet$3136, 137, pl.xviii$020136729$w05I06$934673
=653  \0$amordent$325, pl.iii$020136729$w05I06$934868
=653  \\$aBebung$323$929306$020136729$w05I06
=653  \\$abovensecunde triller$3pl.iii, 25$929855$020136729$w05I06
=653  \\$aclavier = piano$312$930534$020136729$w05I06
=653  \\$aharmoniseren van psalmen$3167-195$932578$020136729$w05I06
=653  \\$ameespelen bovenstem$3160, 161, 162, pl.xxiii$934601$020136729$w05I06
=653  \\$amuziekonderwijzer (anonym)$335, 38, 155$935091$020136729$w05I06
=653  \\$apizzicato$327$936007$020136729$w05I06
=653  \\$aSchmidt, J.M.$3231$938900$020136729$w05I06
=653  \\$atussenspelen en psalmen$3196, 198, pl.xxxii-xxxviii, 229$937252$020136729$w05I06
=653  \\$aversnellen van ribattuta$326$937491$020136729$w05I06
=856  \\$uhttps://books.google.be/books?id=yQS0mnL7-vwC$3Google Books
=942  \\$cBOO
=952  \\$00$10$2ddc$40$6KTS_1_000000000000000_C1_10_05I06$70$8RAR$91144$aORPH$bORPH$cKTS1_C1$d2020-07-08$eKoopman$i05I06$l0$oKTS1 C1.10 05I06$p20136729$r2021-01-12 00:00:00$w2021-01-12$yBOO
=999  \\$d1144

