=LDR  02196    a2200289   4500
=001  1145
=008  210617k17241729\\\|||||\||||\00|\0\lat\d
=041  \\$alat
=100  \\$aBingham, Joseph$d1668-1723$4aut$1http://www.wikidata.org/entity/Q636694$95831
=245  \\$aOrigines sive Antiquitates ecclesiasticæ 
=260  \\$aHalle$bOrphanotrophei$c1724, 1727, 1729
=300  \\$a10 vols. (48-360 + 28-447 + 20-619-[38] + 20-411 + 12-348 + 16-592 + 14-522 +12-288 + 20-364 + 64-100-[344] pages)
=336  \\$abook
=336  \\$aprinted
=500  \\$aBingham (1668-1723) was an ecclesiastical historian
=500  \\$athe ten vols. of "Origines ecclesiasticæ" originally appeared between 1708 and 1722
=500  \\$aHis design, learnedly, exhaustively and impartially executed, was to give such a methodical account of the antiquities of the Christian Church as others have done of the Greek and Roman and Jewish antiquities, by reducing the ancient customs, usages and practices of the church under certain proper heads, whereby the reader may take a view at once of any particular usage or custom of Christians for four or five centuries.
=504  \\$aindex
=648  \0$a18th Century (1701-1800)$1http://www.wikidata.org/entity/Q7015$920899
=650  \0$aReligion$1http://www.wikidata.org/entity/Q9174$93062
=650  \0$aHistory$1http://www.wikidata.org/entity/Q309$921403
=856  \\$uhttps://books.google.be/books?id=Mms6MQAACAAJ; https://books.google.be/books?id=2acPAAAAQAAJ; https://books.google.be/books?id=nAhlAAAAcAAJ$3Google Books
=942  \\$cBOO
=952  \\$00$10$2ddc$3vols.1-4$40$6KTS_1_000000000000000_C1_10_05I07$70$8RAR$91145$aORPH$bORPH$cKTS1_C1$d2020-07-08$eKoopman$i05I07$l0$oKTS1 C1.10 05I07$p20136730$r2021-01-12 00:00:00$w2021-01-12$yBOO
=952  \\$00$10$2ddc$3vols. 5-7$40$6KTS_1_000000000000000_C1_10_05I08$70$8RAR$920263$aORPH$bORPH$cKTS1_C1$d2020-07-08$eKoopman$i05I08$l0$oKTS1 C1.10 05I08$p20136731$r2021-06-17 00:00:00$w2021-01-12$yBOO
=952  \\$00$10$2ddc$3vols. 8-10$40$6KTS_1_000000000000000_C1_10_05I09$70$8RAR$920264$aORPH$bORPH$cKTS1_C1$d2020-07-08$eKoopman$i05I09$l0$oKTS1 C1.10 05I09$p20136732$r2021-06-17 00:00:00$w2021-01-12$yBOO
=999  \\$c1145$d1145

