=LDR  02004aam a2200301   4500
=001  1146
=008  210618s1831\\\\\\\|||||\||||\00|\0\lat\d
=041  \\$alat
=100  \\$aTacitus$d54-120$4aut$1http://www.wikidata.org/entity/Q2161$95287
=245  \\$aAnnales $nvols. 1-2
=260  \\$aLeipzig$bWeidmann$c1831
=300  \\$a2 volumes (xlviii-806+684-183 pages)
=500  \\$aThe Annals (Latin: Annales) by Roman historian and senator Tacitus is a history of the Roman Empire from the reign of Tiberius to that of Nero, the years AD 14–68. The Annals are an important source for modern understanding of the history of the Roman Empire during the 1st century AD; it is Tacitus' final work, and modern historians generally consider it his greatest writing.
=504  \\$aindex
=534  \\$aTacitus' Annales were written c. 100-110
=561  \\$aEx Libris J.O. Coninck Westenberg (Plate)
=648  \0$aClassical Antiquity (8th Century BC-6th Century AD)$1http://www.wikidata.org/entity/Q486761$921435
=650  \0$aHistory$1http://www.wikidata.org/entity/Q309$921403
=651  \0$aRome (Italy)$1http://www.wikidata.org/entity/Q220$949
=700  \\$4edt$aBekker, Immanuel $d1785-1871$1http://www.wikidata.org/entity/Q77606$921730
=700  \\$4ann$aGronovius, Johann Friedrich $d1611-1671$1http://www.wikidata.org/entity/Q67520$921729
=700  \\$4ann$aErnest, Johann August$d1707-1781$921728
=700  \\$4ann$aLipsius, Justus$d1547-1606$1http://www.wikidata.org/entity/Q315871$96803
=700  \\$4ann$aHeinsius, Nicolaas$d1620-1681$1http://www.wikidata.org/entity/Q510116$99668
=942  \\$cBOO
=952  \\$00$10$2ddc$3vol. 1$40$6KTS_1_000000000000000_C1_10_05I10$70$8RAR$91146$aORPH$bORPH$cKTS1_C1$d2020-07-08$eKoopman$l0$oKTS1 C1.10 05I10$p20136734$r2021-01-12 00:00:00$w2021-01-12$yBOO
=952  \\$00$10$2ddc$3vol. 2$40$6KTS_1_000000000000000_C1_10_05I11$70$8RAR$920266$aORPH$bORPH$cKTS1_C1$d2020-07-08$eKoopman$l0$oKTS1 C1.10 05I11$p20136735$r2021-06-18 00:00:00$w2021-01-12$yBOO
=999  \\$d1146

