=LDR  01307aam a2200229   4500
=001  1147
=008  211223m17581759||||||||\||||\00|\0\fre\d
=041  \\$afre
=100  \\$aVernes, Jacob$95832
=245  \\$aChoix littéraire,$nvols. 16-18 & 19-21
=260  \\$aGeneva$aCoppenhague$bPhilibert$c1758-59
=300  \\$a231-231-231+232-232-232 pages$bfrontispiece in red and black ink
=336  \\$aprinted
=500  \\$aVols. 16-18 & 19-21 bound in 2 seperate books
=648  \0$a18th Century (1701-1800)$1http://www.wikidata.org/entity/Q7015$920899
=650  \0$aLiterature$1http://www.wikidata.org/entity/Q8242$94439
=650  \0$aPhilosophy$1http://www.wikidata.org/entity/Q5891$92357
=856  \\$uhttps://books.google.be/books?id=fX43AAAAMAAJ; https://books.google.be/books?id=3H43AAAAMAAJ; https://books.google.be/books?id=Y383AAAAMAAJ; https://books.google.be/books?id=22YHAAAAQAAJ$3Google Books
=942  \\$cPER
=952  \\$00$10$2ddc$40$6KTS_1_000000000000000_C1_62_05I12$70$8RAR$91147$aORPH$bORPH$cKTS1_C1$d2020-07-08$eKoopman$i05I12$oKTS1 C1.62 05I12$p20138068$r2021-01-12 00:00:00$w2021-01-12$yBOO
=952  \\$00$10$2ddc$40$6KTS_1_000000000000000_C1_62_05I13$70$8RAR$921115$aORPH$bORPH$cKTS1_C1$d2020-07-08$eKoopman$i05I13$l0$oKTS1 C1.62 05I13$p20138086$r2021-12-23 00:00:00$w2021-01-12$yBOO
=999  \\$d1147

