=LDR  02605aam a2200349   4500
=001  1150
=008  211223s1826\\\\\\\|||||\||||\00|\0aeng\d
=041  \\$aeng
=100  \\$aKelly, Michael$d1762-1826$4aut$1http://www.wikidata.org/entity/Q980702$911971
=245  \\$aReminiscenses of Michael Kelly of the King's Theatre and Theatre Royal Drury Lane.
=260  \\$aLondon$bColburn$c1826
=300  \\$a2 volumes (xxiv-354+404 pages)$b1 inserted folded page musical examples, frontispiece engraving
=500  \\$aAutobiography of the Irish tenor, composer and theatrical manager Michael Kelly (1762-1826), who created Don Curzio and Don Basilio in Mozart's 'Le nozze di Figaro', besides having an international career of importance in music history. In the early 1820s, Theodore Hook, an English man of letters and composer, helped Kelly compile these memoirs. 
=500  \\$aFrontispiece engraving with portrait of the author by Henry Meyer (1780-1847) after a drawing by Abraham Wivell (1786-1849)
=561  \\$aex libris Baron Theodore Rose 1918 (manuscript)
=590  \\$aIncluding a period of nearly half a century; with original anecdotes of many distinguished persons, political, literary, and musical.
=610  \0$aTheatre Royal, Haymarket (London, United Kingdom)$1http://www.wikidata.org/entity/Q540426$923268
=610  \0$aTheatre Royal, Drury Lane (London, United Kingdom)$1http://www.wikidata.org/entity/Q1756626$921061
=648  \0$a18th Century (1701-1800)$1http://www.wikidata.org/entity/Q7015$920899
=648  \0$a19th Century (1801-1900)$1http://www.wikidata.org/entity/Q6955$920935
=650  \0$aMusic history$1http://www.wikidata.org/entity/Q846047$921373
=650  \0$aInstitution$1http://www.wikidata.org/entity/Q178706$94241
=650  \0$aTenor$1http://www.wikidata.org/entity/Q27914$923513
=650  \0$aBiography$1http://www.wikidata.org/entity/Q36279$91927
=650  \0$aBiography$1http://www.wikidata.org/entity/Q36279$91927
=651  \0$aVienna (Austria)$1http://www.wikidata.org/entity/Q1741$920937
=651  \0$aLondon (United Kingdom)$1http://www.wikidata.org/entity/Q84$9123
=856  \\$uhttps://books.google.be/books?id=tVAbAAAAYAAJ$3Google Books
=942  \\$cBOO
=952  \\$00$10$2ddc$3vol.1$40$6KTS_1_000000000000000_C1_62_05I16$70$8RAR$91150$aORPH$bORPH$cKTS1_C1$d2020-07-08$eKoopman$oKTS1 C1.62 05I16$p20138084$r2021-01-12 00:00:00$w2021-01-12$yBOO
=952  \\$00$10$2ddc$3vol.2$40$6KTS_1_000000000000000_C1_62_05I17$70$8RAR$921116$aORPH$bORPH$cKTS1_C1$d2020-07-08$eKoopman$l0$oKTS1 C1.62 05I17$p20138085$r2021-12-23 00:00:00$w2021-01-12$yBOO
=999  \\$d1150

