=LDR  03615acc a2200217   4500
=001  1152
=008  220714b\\\\\\\\|||||l||\||||\00|\0\mul\d
=041  \\$adut$ager$afre$aeng
=059  \\$apf
=245  \\$a[A collection of various piano compositions]
=300  \\$a[198] pages
=500  \\$aTon Koopman bought this book for the 'Ouverture de l'opéra du Calif de Bagdad pour le piano forte seul' by François-Adrien Boieldieu (1775-1834).
=505  \\$gWeet ge, moeder, wat ik droomde? (Weisst Du Muatterl, was i träumt hab’?): Lied. Voor zang en piano / Alois Kutschera -- Air Favori du Prince Louis de Rohan: Gavotte du Cardinal pour piano-solo / Henry Kooy -- Cavalleria Rusticana: Intermezzo sinfonico voor piano forte (tweehandig) / Pietro Mascagni -- Impatience Rondo-Galop transcription pour piano op.98 (L. Streabbog) /  F. Cambert --  Ouverture de l'opéra du Calif de Bagdad. Pour le piano forte seul / Boieldieu, François-Adrien -- Le petit carnaval: 6 danses faciles pour piano nr. 1 / L. Streabbog --  Le petit carnaval: 6 danses faciles pour piano nr. 4 / L. Streabbog -- Traum der Liebe Melodie für Pianoforte op.24 / Wilhelmine Brinkmann --  Le petit carnaval: 6 danses faciles pour piano nr. 3 / L. Streabbog -- Le petit carnaval: 6 danses faciles pour piano nr. 5 / L. Streabbog -- Le petit carnaval: 6 danses faciles pour piano nr. 2 / L. Streabbog -- Voor vijftig jaar (Fifty years ago) voor zang met accompagnement van piano / Charles K. Harris -- Les etoiles d’or: six danses faciles pour les petites mains et doigtées pour le piano: nr. 4 polka-mazurka / L. Streabbog -- Ave Maria: viool en piano / Ch. Gounod -- La Czarine: mazurka Russe pour piano-forte à 2 mains / Louis Ganne -- Les etoiles d’or: six danses faciles pour les petites mains et doigtées pour le piano: nr. 6 quadrille / L. Streabbog -- La tarentelle: étude brillante et facile / N. Louis -- Salon-bibliothek: Ausgewählte Sammlung der schonsten Salonstucke fur Pianoforte (erster Jahrgang erste Lieferung N°2): Nocturne / Henri Ravina -- Blumenlese für angehende Violinisten [violin and piano parts] --  La sérénade valse espagnole pour piano / Olivier Métra -- “Behüt dich Gott, es wär’ zu schön gewesen” Jung Werner’s Abschiedlied aus “Der Trompeter von Säkkingen” / Victor E. Nessler -- Le Calendrier musical °4 avril: Les premières feuilles (the first leaves) Polka op.244 N°4 / L. Streabbog -- “Wie Süss” Walzer-Lied für eine Singstimme mit Begleitung des Pianoforte / Rudolf Förster -- Sehnsuchtsklänge: Melodisches Tonstück / Gustav Lange -- Marche Triomphale / A. Berlijn -- Le Calendrier musical °2. Février: Mardi Gras (Carnival): Galop, op.244 N°2 / L. Streabbog -- Le Calendrier musical °2. Février: Sur la glace (on the Ice): Mazurka, op.244 N°1 / L. Streabbog -- Louise: Notturno (Es dur) für Pianoforte op.67 N°2 /  Brinley Richards -- Im Rosenduft op.171 N°2 / Gustav Lange -- Maienlust op.95 N°5 / Heinrich Lichner -- Auf der Wiese op.95 N°2 / Heinrich Lichner -- Chanson de Marguerite op.33 / G. Ludovic
=561  \\$aEx libris Family Schutter, Amsterdam (manuscript)
=650  \0$aInstrumental music$1http://www.wikidata.org/entity/Q639197$92106
=650  \0$aVocal music$1http://www.wikidata.org/entity/Q685884$93319
=650  \0$aSong$1http://www.wikidata.org/entity/Q7366$94164
=700  \\$4cmp$aBoieldieu, François-Adrien$d1775-1834$95137
=942  \\$cSCO
=952  \\$00$10$2ddc$40$6KTS_1_000000000000000_C2_31_05J01$70$8RAR$91152$aORPH$bORPH$cKTS1_C2$d2020-07-08$eKoopman$oKTS1 C2.31 05J01$p20139074$r2021-01-12 00:00:00$w2021-01-12$ySCO
=999  \\$d1152

