=LDR  01410acm a2200277   4500
=001  1153
=008  220714s1800\\\\|||||le|\||||\00|\0\eng\d
=041  \\$aeng
=059  \\$avn hpd/pf 4h
=100  \\$aColizzi, Johann Andreas Kauchlitz$dc. 1742-1808$4cmp$1http://www.wikidata.org/entity/Q18686025$95834
=245  \\$aThree Duetto's for two Performers on one Harpsichord or Piano-Forte with Accompaniment for one Violin op. 11
=260  \\$aThe Hague$aAmsterdam$bHummel$c1800c
=300  \\$a27 pages$bengraved title page
=500  \\$are-published, London, 1800
=500  \\$avn part in copy
=561  \\$aEx libris L.G. Sommer (manuscript)
=648  \0$a18th Century (1701-1800)$1http://www.wikidata.org/entity/Q7015$920899
=650  \0$aInstrumental music$1http://www.wikidata.org/entity/Q639197$92106
=650  \0$aHarpsichord$1http://www.wikidata.org/entity/Q81982$92125
=650  \0$aPiano$1http://www.wikidata.org/entity/Q5994$92127
=650  \0$aViolin$1http://www.wikidata.org/entity/Q8355$92783
=651  \0$aNetherlands$1http://www.wikidata.org/entity/Q55$9173
=856  \\$uhttps://imslp.org/wiki/3_Keyboard_Duets%2C_Op.11_(Colizzi%2C_Johannes)$3International Music Score Library Project
=942  \\$cSCO
=952  \\$00$10$2ddc$40$6KTS_1_000000000000000_C2_31_05J02$70$8RAR$91153$aORPH$bORPH$cKTS1_C2$d2020-07-08$eKoopman$oKTS1 C2.31 05J02$p20139075$r2021-01-12 00:00:00$w2021-01-12$ySCO
=999  \\$d1153

