=LDR  01817acm a2200265   4500
=001  1154
=005  20250925143255.0
=008  220714b\\\\\\\\|||||l||\||||\00|\0\fre\d
=041  \\$afre$dlat
=059  \\$avv org
=100  \\$aLanglais, Jean$d1907-1991$4cmp$1http://www.wikidata.org/entity/Q551533$95835
=245  \\$aMesse solennelle:$b4 voix mixtes et orgue
=260  \\$aParis$bSchola Cantorum
=300  \\$a32 pages
=500  \\$aJean François-Hyacinthe Langlais III (1907-1991) was a French composer of modern classical music, organist, and improviser. He described himself as "Breton, de foi Catholique" ("Breton, of Catholic faith"). His works include masses and organ music, some based on Gregorian themes, enhanced by polymodal harmonies, as well as secular music. Langlais became blind due to glaucoma when he was only two years old and was sent to the Institut National des Jeunes Aveugles (National Institute for Blind Children) in Paris, where he began to study the organ with André Marchal. From there he progressed to the Paris Conservatoire, obtaining prizes in organ and studying composition with Marcel Dupré and Paul Dukas.
=500  \\$awith autograph of the composer on title page
=561  \\$aEx libris Joseph Hetsch (stamp)
=648  \0$a20th Century (1901-2000)$1http://www.wikidata.org/entity/Q6927$920936
=650  \0$aMass$1http://www.wikidata.org/entity/Q217295$92735
=650  \0$aVocal music$1http://www.wikidata.org/entity/Q685884$93319
=650  \0$aOrgan$1http://www.wikidata.org/entity/Q1444$92810
=651  \0$aParis (France)$1http://www.wikidata.org/entity/Q90$9160
=942  \\$cSCO
=952  \\$00$10$2ddc$40$6KTS_1_000000000000000_C2_31_05J03$70$8RAR$91154$aORPH$bORPH$cKTS1_C2$d2020-07-08$eKoopman$oKTS1 C2.31 05J03$p20139076$r2021-01-12 00:00:00$w2021-01-12$ySCO
=999  \\$d1154

