=LDR  01735aam a2200253   4500
=001  1155
=005  20250925143255.0
=008  220714s1928\\\\|||g||||\||||\00|\0\fre\d
=041  \\$afre
=059  \\$apf
=100  \\$aCortot, Alfred$d1877-1962$4aut$1http://www.wikidata.org/entity/Q116057$95836
=245  \\$aPrincipes rationnels de la technique pianistique
=260  \\$aParis$bSalabert$c1928
=300  \\$a102 pages$bmusic examples
=500  \\$aautograph of the author on title page (1948)
=500  \\$aAlfred Cortot (1877-1962) was a French pianist, conductor and teacher. He is considered one of the great performers of the 20th century. A renowned pedagogue, he was one of the founders of the 'École normale de musique in Paris'. 
=500  \\$aFor Cortot, the way in which the keyboard is played or the pedals are pressed could provide an infinite number of nuances that could be adapted to the musical discourse. This explains why the working method he described in 'Les Principes rationnels de la technique pianistique' focused on the subtle link between subjectivity and the work of the fingers, wrists and arms. Particularly significant in this respect was his use of pedals, which opened up « une palette sonore infinie». 
=648  \0$a20th Century (1901-2000)$1http://www.wikidata.org/entity/Q6927$920936
=650  \0$aMethod$1http://www.wikidata.org/entity/Q2250960$921402
=650  \0$aPiano$1http://www.wikidata.org/entity/Q5994$92127
=651  \0$aParis (France)$1http://www.wikidata.org/entity/Q90$9160
=942  \\$cBOO
=952  \\$00$10$2ddc$40$6KTS_1_000000000000000_C2_31_05J04$70$8RAR$91155$aORPH$bORPH$cKTS1_C2$d2020-07-08$eKoopman$oKTS1 C2.31 05J04$p20139079$r2021-01-12 00:00:00$w2021-01-12$yBOO
=999  \\$d1155

