=LDR  01159acm a2200241   4500
=001  1157
=005  20250925143255.0
=008  220714s1932\\\\|||||l||\||||\00|\0\fre\d
=041  \\$afre
=059  \\$apf
=100  \\$aŁubieński, Stefan$d1893-1976$4cmp$95837
=245  \\$aBallade d'automne.$bAvec fantaisie sur un thème japonais
=260  \\$aRotterdam$bKrul$c1932c
=300  \\$a16 pages
=500  \\$aStefan Łubieński (1893-1976) was a Polish composer, fine artist, diplomat, spiritual seeker and thinker.
=500  \\$aDedication in the composer's hand, dated 1932: "Aan lieve vriend J. Cohen van Stefan Lubienski 28/II/1932 Rotterdam"
=648  \0$a20th Century (1901-2000)$1http://www.wikidata.org/entity/Q6927$920936
=650  \0$aInstrumental music$1http://www.wikidata.org/entity/Q639197$92106
=650  \0$aPiano$1http://www.wikidata.org/entity/Q5994$92127
=651  \0$aRotterdam (Netherlands)$1http://www.wikidata.org/entity/Q34370$962
=942  \\$cSCO
=952  \\$00$10$2ddc$40$6KTS_1_000000000000000_C2_31_05J06$70$8RAR$91157$aORPH$bORPH$cKTS1_C2$d2020-07-08$eKoopman$oKTS1 C2.31 05J06$p20139082$r2021-01-12 00:00:00$w2021-01-12$ySCO
=999  \\$d1157

