=LDR  01083acm a2200229   4500
=001  1160
=008  210314q1784\\\\\\\||l||\||||\00|\0\fre\d
=041  \\$afre
=100  \\$aGrétry, André-Ernest-Modeste$d1741-1813$4cmp$1http://www.wikidata.org/entity/Q210962$94756
=245  \\$aLa Caravane du Caire.$bOpéra Ballet en trois actes
=260  \\$aParis$bGrétry
=300  \\$a243 pages
=500  \\$asee also 15E26 and 26e22b
=534  \\$aPremiered in Fontaineableau, 30 October 1783
=648  \0$a18th Century (1701-1800)$1http://www.wikidata.org/entity/Q7015$920899
=650  \0$aOpera$1http://www.wikidata.org/entity/Q1344$92468
=650  \0$aBallet$1http://www.wikidata.org/entity/Q41425$94412
=651  \0$aParis (France)$1http://www.wikidata.org/entity/Q90$9160
=700  \\$4lbt$aMorel de Chédeville, Étienne$d1751-1814$1http://www.wikidata.org/entity/Q15523902$95839
=942  \\$cSCO
=952  \\$00$10$2ddc$40$6KTS_1_000000000000000_C2_31_05J09$70$8RAR$91160$aORPH$bORPH$cKTS1_C2$d2020-07-08$eKoopman$oKTS1 C2.31 05J09$p20139139$r2021-01-12 00:00:00$w2021-01-12$ySCO
=999  \\$d1160

