=LDR  01995acm a2200277   4500
=001  1161
=008  220801r17761773|||||l||\||||\00|\0\fre\d
=041  \\$afre
=100  \\$4cmp$aMonsigny, Pierre-Alexandre$d1729-1817$1http://www.wikidata.org/entity/Q705124$95419
=245  \\$aLa Belle Arsène.$bComédie féerie en quatre actes
=260  \\$aParis$bBailleux$c1776
=300  \\$a[i]-109 pages
=500  \\$aThe opera was the first to have excerpts sung in the air - thanks to Élisabeth Thible, the first woman aeronaut, who, dressed as Minerva, sung impromptu arias from the opera to an audience below her including Gustav III, from a Montgolfier balloon in 1784.
=500  \\$athe libretto is based on Voltaire's 'La bégueule'
=534  \\$aPremiered on 6 November 1773 in three acts by the Comédiens Italiens ordinaires du Roi before Louis XV at the Palace of Fontainebleau, as "Comédie-féerie en trois actes, mêlée d'ariettes"
=563  \\$athe last pages contain some ms. writings in ink, probably unrelated to the score but coincidentally on the paper used to repair the pages
=590  \\$aReprésentée devant sa Majesté à Fontainebleau, le 6 novembre, 1773. Et à Paris le 14 aoust 1775. Et une seconde fois devant leurs Majeste le 4 novembre 1775. 
=648  \0$a18th Century (1701-1800)$1http://www.wikidata.org/entity/Q7015$920899
=650  \0$aOpera$1http://www.wikidata.org/entity/Q1344$92468
=650  \0$aComedy$1http://www.wikidata.org/entity/Q40831$921436
=651  \0$aParis (France)$1http://www.wikidata.org/entity/Q90$9160
=700  \\$aFavart, Charles-Simon$d1710-1792$4lbt$1http://www.wikidata.org/entity/Q981902$95423
=856  \\$uhttps://imslp.org/wiki/La_belle_Ars%C3%A8ne_(Monsigny%2C_Pierre-Alexandre)$3International Music Score Library Project
=942  \\$cBOO
=952  \\$00$10$2ddc$40$6KTS_1_000000000000000_C2_31_05J10$70$8RAR$91161$aORPH$bORPH$cKTS1_C2$d2020-07-08$eKoopman$oKTS1 C2.31 05J10$p20139137$r2021-01-12 00:00:00$w2021-01-12$ySCO
=999  \\$d1161

