=LDR  02638acm a2200361   4500
=001  1162
=008  220523m17021706|||||l||\||||\00|\0\eng\d
=041  \\$aeng
=059  \\$a3v fl vn bc
=100  \\$aPurcell, Henry$d1659-1695$4cmp$1http://www.wikidata.org/entity/Q9695$95840
=245  \\$aOrpheus Britannicus
=250  \\$a2nd ed. (vol. 1)
=250  \\$a1st ed. (vol. 2)
=260  \\$aLondon$bPlayford$c1706$c1702
=300  \\$a2 volumes in 1 (vi-[ii]-268 + [ii]-ii-[ii]-176 pages)$bTitle pages in red and black ink; inserted engraved portrait; inserted index
=500  \\$aInserted engraved portrait of Purcell by R. White based on the portrait painted by John Closterman (1660-1711). This engraving seems to be from a later edition, pasted on the frontispiece page.
=500  \\$aThe second edtion of the first book contains 34 songs that are not included in the first edition
=500  \\$aBook one at p. 148 has a manuscript note "To be sung by a Countertenor" next to the Song 'The Fife'
=504  \\$afront matter contains inserted manuscript index of book 1
=520  \\$a'Orpheus Britannicus' is a collection of songs by Henry Purcell, published posthumously in London in two volumes, the first in 1698 and the second in 1702. 
=534  \\$aVol. 1 was originally published in 1698
=561  \\$aEx librs S. H. Sutherland (manuscript)
=561  \\$aEx libris James Th. Law, Lichfield 1850 (manuscript)
James Thomas Law (1790–1876) was an English cleric, the chancellor of the diocese of Lichfield from 1821. 
=561  \\$aEx libris R. R. Henshaw(?),  Bath, 1944
=590  \\$aa Collection of all the Choicest Songs for One, Two, and Three Voices …  Together with such Symphonies for Violins or Flutes,..., and a Through-Bass to Each Song; figur'd for the Organ, Harpsichord, or THeorbo-Lute.… [vol.1] The Second Edition with Large Additions; and placed in their several Keys according to the Order of the Gamut - [vol.2] The Second book, which renders the First Compleat.
=648  \0$a17th Century (1601-1700)$1http://www.wikidata.org/entity/Q7016$920923
=650  \0$aSong$1http://www.wikidata.org/entity/Q7366$94164
=650  \0$aInstrumental music$1http://www.wikidata.org/entity/Q639197$92106
=651  \0$aLondon (United Kingdom)$1http://www.wikidata.org/entity/Q84$9123
=856  \\$uhttps://imslp.org/wiki/Orpheus_Britannicus_(Purcell%2C_Henry)$3International Music Score Library Project
=942  \\$cSCO
=952  \\$00$10$2ddc$40$6KTS_1_000000000000000_C2_31_05J11$70$8RAR$91162$aORPH$bORPH$cKTS1_C2$d2020-07-08$eKoopman$oKTS1 C2.31 05J11$p20139152$r2021-01-12 00:00:00$w2021-01-12$ySCO
=999  \\$d1162

