=LDR  00954aam a2200217   4500
=001  1164
=005  20250925143255.0
=008  220801s1931\\\\|||oe|||\||||\00|\0\dut\d
=041  \\$adut
=100  \\$aKersbergen, L. C.$d1873-1958$4aut$95842
=245  \\$aGeschiedenis van het St. Elisabeth's of Groote Gasthuis te Haarlem
=260  \\$aHaarlem$bEnschedé$c1931
=300  \\$a487 pages
=561  \\$aEx Libris J. Vandonte(?) augustus 1931 (manuscript)
=648  \0$a20th Century (1901-2000)$1http://www.wikidata.org/entity/Q6927$920936
=650  \0$aHistory$1http://www.wikidata.org/entity/Q309$921403
=650  \0$aMedicine$1http://www.wikidata.org/entity/Q11190$921959
=651  \0$aHaarlem (Netherlands)$1http://www.wikidata.org/entity/Q9920$921584
=942  \\$cBOO
=952  \\$00$10$2ddc$40$6KTS_1_000000000000000_C2_31_05J13$70$8RAR$91164$aORPH$bORPH$cKTS1_C2$d2020-07-08$eKoopman$oKTS1 C2.31 05J13$p20139080$r2021-01-12 00:00:00$w2021-01-12$yBOO
=999  \\$d1164

