=LDR  00740aac a2200169   4500
=001  1165
=008  220610b\\\\\\\\|||a||||\||||\00|\0\fre\d
=245  \\$a[Book with old exlibris]
=260  \\$as.l.$bs.n.$cs.d.
=300  \\$a[15] pages$bex libris clippings pasted on hardboard
=500  \\$ascrapbook with clippings of ex libris
=650  \0$aBibliophilia$1http://www.wikidata.org/entity/Q214719$921630
=650  \0$aCollecting$1http://www.wikidata.org/entity/Q208165$92117
=650  \0$aFine art$1http://www.wikidata.org/entity/Q219625$921579
=942  \\$cEPH
=952  \\$00$10$2ddc$40$6KTS_1_000000000000000_C2_31_05J14$70$8RAR$91165$aORPH$bORPH$cKTS1_C2$d2020-07-08$eKoopman$oKTS1 C2.31 05J14$p20139153$r2021-01-12 00:00:00$w2021-01-12$yEPH
=999  \\$d1165

