=LDR  01535atc a2200265   4500
=001  1167
=008  210322b\\\\\\\\\\\||||||||||\00|\0\fre\d
=041  \\$afre
=245  \\$a[Letters, purchasing contracts, marriage contracts and other notarial certificates from the region of Billac]
=260  \\$aFrance$c16xx-18xx
=300  \\$a532 pages
=500  \\$aSeries of letters, mainly notarial certificates and contracts, in an old folder entitled 'Beschryvinge van Amsterdam, II. Stuk' (though nothing in common with this title)
=533  \\$aDigitized by iGuana, Spring 2022
=648  \0$a17th Century (1601-1700)$1http://www.wikidata.org/entity/Q7016$920923
=648  \0$a18th Century (1701-1800)$1http://www.wikidata.org/entity/Q7015$920899
=650  \0$aCorrespondence$1http://www.wikidata.org/entity/Q1784733$921392
=650  \0$aEconomy$1http://www.wikidata.org/entity/Q159810$921625
=650  \0$aLaw$1http://www.wikidata.org/entity/Q7748$93727
=651  \0$aFrance$1http://www.wikidata.org/entity/Q142$9131
=651  \0$aBilhac (France)$1http://www.wikidata.org/entity/Q178590$921030
=856  \\$uhttps://uv-v4.netlify.app/#?manifest=https://sharedcanvas.be/IIIF/manifests/68a5bc74-4a3f-11ed-bca1-b89b81297efd$3IIIF
=856  \\$uhttps://sharedcanvas.be/IIIF/manifests/68a5bc74-4a3f-11ed-bca1-b89b81297efd$3IIIF manifest
=942  \\$cMS
=952  \\$00$10$2ddc$40$6KTS_1_000000000000000_C2_31_05J16$70$8RAR$91167$aORPH$bORPH$cKTS1_C2$d2020-07-08$eKoopman$oKTS1 C2.31 05J16$p20136132$r2021-01-12 00:00:00$w2021-01-12$yMS
=999  \\$d1167

