=LDR  00723    a2200193   4500
=001  1168
=005  20250925143255.0
=008  210322b\\\\\\\\\\\|||||\||||\00|\0\dan\d
=041  \\$adan
=245  \\$aKasse-Bog
=260  \\$as.l.$c1899-1909
=300  \\$a241 pages
=500  \\$aAccount book
=648  \0$a20th Century (1901-2000)$1http://www.wikidata.org/entity/Q6927$920936
=650  \0$aEconomy$1http://www.wikidata.org/entity/Q159810$921625
=651  \0$aDenmark$1http://www.wikidata.org/entity/Q35$921295
=942  \\$cMS
=952  \\$00$10$2ddc$40$6KTS_1_000000000000000_C2_31_05J17$70$8RAR$91168$aORPH$bORPH$cKTS1_C2$d2020-07-08$eKoopman$i05J17$l0$oKTS1 C2.31 05J17$p20136131$r2021-01-12 00:00:00$w2021-01-12$yMS
=999  \\$c1168$d1168

