=LDR  01847aab a2200277   4500
=001  1171
=008  220801i18331834|||w||n|\||||\00|\00fre\d
=041  \\$afre
=059  \\$av pf
=100  \\$4edt$aL'Henry, Joseph-Hippolyte$924558
=245  \\$aLe Ménestrel : journal de musique.$bpremière & deuxième année
=260  \\$aParis$bPoussielgue$c1833-4
=300  \\$a[208] pages$bmusical examples, illustrations
=500  \\$a52 numbers: 1 december 1833 - 23 november 1834
=500  \\$aLe Ménestrel was a weekly musical journal published in Paris between 1833 and 1940, founded by Joseph-Hippolyte L'Henry and initially published by Librairie Poussielgue. In 1840, the journal was bought by the music publisher Jacques-Léopold Heugel and remained in the fold of Éditions Heugel until its disappearance at the beginning of the Second World War. 
=561  \\$aEx libris Cécilia Miot(?), rue rue Benauge 181 à La Bastide, 1859 (manuscript)
=590  \\$aPariassant tous les dimanches avec une Romance Inédite de Madame Pauline Duchambge, MM. Édouard Brugière, Auguste Panseron, Amédée de Beauplan, Adolphe Adam, Ch. Plantade, Th. Labarre, Masini, Thénard, Jacqued Strunz, etc.
=648  \0$a19th Century (1801-1900)$1http://www.wikidata.org/entity/Q6955$920935
=650  \0$aMusic criticism$1http://www.wikidata.org/entity/Q11748889$921598
=650  \0$aJournalism$1http://www.wikidata.org/entity/Q11030$921960
=650  \0$aSong$1http://www.wikidata.org/entity/Q7366$94164
=651  \0$aFrance$1http://www.wikidata.org/entity/Q142$9131
=856  \\$uhttps://gallica.bnf.fr/ark:/12148/cb344939836/date&rk=21459;2$3Gallica
=942  \\$cPER
=952  \\$00$10$2ddc$40$6KTS_1_000000000000000_C2_31_05J22$70$8RAR$91171$aORPH$bORPH$cKTS1_C2$d2020-07-08$eKoopman$l0$oKTS1 C2.31 05J22$p20139172$r2021-01-12 00:00:00$w2021-01-12$yPER
=999  \\$d1171

