=LDR  01376aam a2200253   4500
=001  1175
=008  220801s1712\\\\|||agf||\||||\00|\0\lat\d
=041  \\$alat
=245  \\$aMissale Ambrosianum novissime Ioseph Cardinalis Archinti Archiepiscopi
=260  \\$aMilan$bBeniamin$bFratres de Sirturis$c1712
=300  \\$a[xxviii]-424-133-[7] pages$bengraved frontispiece, text in red and black ink
=500  \\$aContains several engravings and music examples
=561  \\$aEx libris "Writers library" London (plate) & "The Sacred heart" Wimbledon (plate and stamp)
=600  \0$aArchinto, Giuseppe$d1651-1712$1http://www.wikidata.org/entity/Q1230359$924559
=648  \0$a18th Century (1701-1800)$1http://www.wikidata.org/entity/Q7015$920899
=650  \0$aCatholicism$1http://www.wikidata.org/entity/Q1841$921631
=650  \0$aLiturgy$1http://www.wikidata.org/entity/Q172331$92284
=650  \0$aPrayer$1http://www.wikidata.org/entity/Q40953$921486
=650  \0$aAmbrosian chant$1http://www.wikidata.org/entity/Q1428162$923760
=651  \0$aMilan (Italy)$1http://www.wikidata.org/entity/Q490$9271
=856  \\$uhttps://books.google.be/books?id=LMYOHz8YAioC$3Google Books
=942  \\$cBOO
=952  \\$00$10$2ddc$40$6KTS_1_000000000000000_C2_31_05J25$70$8RAR$91175$aORPH$bORPH$cKTS1_C2$d2020-07-08$eKoopman$l0$oKTS1 C2.31 05J25$p20139140$r2021-01-12 00:00:00$w2021-01-12$yBOO
=999  \\$d1175

