=LDR  02972acc a2200361   4500
=001  1178
=008  220802n\\\\\\\\|||||le|\||||\00|\0\fre\d
=041  \\$afre
=059  \\$avn
=245  \\$a9me Année Violino - 10me Année Violino
=260  \\$as.l.$bs.n.$c17xx
=300  \\$a[40] pages
=500  \\$aConvolute of violin parts, published as 'L'année violino' vol. 9, nos. 1-12 and vol. 10, nos. 1-4
=500  \\$aIn vol.9, Nr.8 is missing, and between Nr.7 and Nr.9 four pages have been inserted from another print of violin parts with ouvertures by Jean Baptiste Lemoyne for 'Pommiers et du Moulin' (1789)  and 'Louis IX en Egypte' (1790)
=500  \\$aContains amongst others Ouvertures for L'Impresario in angustie (Cimarosa),  La pastorella nobile (Guglielmi), Le vicende amore (Guglielmi), La molinarella (Piccini), Le gelosie villane (Sarti), L'Italiana in Londra (Cimarosa), Raoul de Créqui (Cimarosa), Il fanatico burlaco (Cimarosa), La bella pescatrice (Guglielmi), Euphrosine (Méhul), La soirée orageuse (Dalayrac), Il burbero di buon core (Martin y Soler), La ballerina amante (Cimarosa) and Il convito (Cimarosa). Contains also ballets and opera-airs from  amongst others 'Le Tuteur Avare' (Jean-Louis Gabiot) as well as from unidentified opera's 'Démophon', 'Télémaque', 'Oedipe', 'Didon' and 'Danaides'. 
=500  \\$aa label on the cover shows the table of contents of the collection
=501  \\$aBound in with Trois Sonates op.4, Trois Sonates op.6, Deux Sonates op.10, Trois Sonates op.5, Trois Sonates op.1, Trois Sonates op.3, Deux Sonates op.3, Six Sonates op.18, and Six Sonates op.17=30
=648  \0$a18th Century (1701-1800)$1http://www.wikidata.org/entity/Q7015$920899
=650  \0$aInstrumental music$1http://www.wikidata.org/entity/Q639197$92106
=650  \0$aOpera$1http://www.wikidata.org/entity/Q1344$92468
=650  \0$aBallet$1http://www.wikidata.org/entity/Q41425$94412
=700  \\$4cmp$aCimarosa, Domenico$d1749-1801$1http://www.wikidata.org/entity/Q191775$95848
=700  \\$4cmp$aGuglielmi, Pietro$d1728-1804$1http://www.wikidata.org/entity/Q2094389$95610
=700  \\$4cmp$aPiccinni, Niccolò$d1728-1800$1http://www.wikidata.org/entity/Q310687$95421
=700  \\$4cmp$aSarti, Giuseppe$d1729-1802$1http://www.wikidata.org/entity/Q455199$95360
=700  \\$4cmp$aMéhul, Étienne Nicolas$d1763-1817$1http://www.wikidata.org/entity/Q364020$96654
=700  \\$4cmp$aMartín y Soler, Vicente$d1754-1806$1http://www.wikidata.org/entity/Q377409$95850
=700  \\$4cmp$aDalayrac, Nicolas$d1753-1809$1http://www.wikidata.org/entity/Q952520$96382
=700  \\$4cmp$aGabiot, Jean-Louis$d1759-1811$924562
=700  \\$4cmp$aLemoyne, Jean-Baptiste$d1751-1796$1http://www.wikidata.org/entity/Q508319$96383
=942  \\$cSCO
=952  \\$00$10$2ddc$40$6KTS_1_000000000000000_C2_31_05J26A$70$8RAR$91178$aORPH$bORPH$cKTS1_C2$d2020-07-08$eKoopman$l0$oKTS1 C2.31 05J26a$p20139200$r2021-01-12 00:00:00$w2021-01-12$ySCO
=999  \\$d1178

