=LDR  01257acm a2200229   4500
=001  1182
=008  220802n\\\\\\\\|||||le|\||||\00|\0\fre\d
=041  \\$afre
=059  \\$avn
=100  \\$aKozeluch, Leopold$d1747-1818$4cmp$1http://www.wikidata.org/entity/Q693843$94782
=245  \\$aTrois sonates pour le clavecin ou le piano-forte op. 6
=260  \\$aParis$bImbault$cs.d.
=300  \\$a8 pages
=500  \\$aLoose violin part, bound in with a set of overtures and further sonatas by Haydn, Kozeluch and Staes
=501  \\$aBound in with 9me Année Violino - 10me Année Violino, Trois Sonates,op.4, Deux Sonates op.10, Trois Sonates op.5, Trois Sonates op.1, Trois Sonates op.3, Deux Sonates op.3, Six Sonates op.18, and Six Sonates op.17=30

=648  \0$a18th Century (1701-1800)$1http://www.wikidata.org/entity/Q7015$920899
=650  \0$aKeyboard music$1http://www.wikidata.org/entity/Q105715630$921412
=650  \0$aSonata$1http://www.wikidata.org/entity/Q131269$921653
=773  \\$01178 $t9me Année Violino - 10me Année Violino$w1178 
=942  \\$cSCO
=952  \\$00$10$2ddc$40$6KTS_1_000000000000000_C2_31_05J26C$70$8RAR$91182$aORPH$bORPH$cKTS1_C2$d2020-07-08$eKoopman$l0$oKTS1 C2.31 05J26c$p20139200c$r2021-01-12 00:00:00$w2021-01-12$ySCO
=999  \\$d1182

