=LDR  03376aam a2200385   4500
=001  1186
=008  210712s1676\\\\\\\g||||\||||\00|\0\eng\d
=041  \\$aeng
=100  \\$aMace, Thomas$d1613-1709$4aut$1http://www.wikidata.org/entity/Q2425975$95853
=245  \\$aMusick's Monument, or A Remembrancer of the Best Practical Musick, Both Divine and Civil, that Has Ever Been Known to Have Been in the World
=250  \\$a1st ed.
=260  \\$aLondon$bRatcliffe$bThompson$c1676
=300  \\$a[xxi]-272 pages$bmusical examples, frontispiece engraved portrait, front matter manuscript notes
=500  \\$aImportant treatise on performance practice of psalmody, lute and viol
=500  \\$acited in Koopman 1985, pages 58-66 (“is Th. Mace in zijn hoogst informatieve, maar ook curieuze Musick's Monument (1676) zeer breed van stof), 85
=500  \\$aalso available in the collection as a facsimile, see TRE MACE
=500  \\$a"Recently, I exchanged a beautiful edition of Thomas Mace's Musick's Monument for an even more beautiful one, once owned by Friedemann Hellwig and Natalie Dolmetsch (perhaps emanating from the collection of Arnold Dolmetsch?)" (Koopman 2016, 675); a letter corroborating the provenance is added to the volume
=500  \\$aInserted documents bear witness of the interesting provenance history of this copy: Medievalist Robert Steele (1860-1944) offered the book to Nathalie Dolmetsch, a gambist  (1905-1989) and the daughter of early music pioneer Arnold Dolmetsch (1858-1940). After her passing, her daughter Marie-Thérèse offered it to Friedemann Hellwig (°1938, Restorer of historical musical instruments) to whom Nathalie was a "Patentante". In 2015 Friedemaan offered the copy to Ton Koopman as a birthday gift.
=500  \\$aFrontmatter contains 2 pages of manuscript notes, which are a copy of the article on Thomas Mace from John Hawkins's 'A General History Of The Science and Practice Of Music' vol.4 (1776)
=561  \\$aEx libris 1 The Library of Robert Steele Wandsworth Common (Plate)
=561  \\$aEx libris 2 Nathalie Dolmetsch (Plate)
"Natalie from Robert Steele with best wishes for her future happiness" (manuscript)
=561  \\$aEx libris 3 Friedemann Hellwig (Plate)
=590  \\$aDivided into Three Parts: The First Part, Shews a Necessity of Singing Psalms Well ... The Second Part, Treats of the Noble Lute ... In the Third Part, The Generous Viol, in its Rightest Use, is Treated upon...
=600  \0$aDolmetsch, Arnold$d1858-1940$1http://www.wikidata.org/entity/Q194638$910557
=648  \0$a17th Century (1601-1700)$1http://www.wikidata.org/entity/Q7016$920923
=650  \0$aMethod$1http://www.wikidata.org/entity/Q2250960$921402
=650  \0$aMusic theory$1http://www.wikidata.org/entity/Q193544$92662
=650  \0$aViol$1http://www.wikidata.org/entity/Q40125$94621
=650  \0$aLute$1http://www.wikidata.org/entity/Q180733$93944
=650  \0$aChurch music$1http://www.wikidata.org/entity/Q8812109$92283
=651  \0$aUnited Kingdom$1http://www.wikidata.org/entity/Q21$9273
=856  \\$uhttps://imslp.org/wiki/Musick%27s_Monument_(Mace%2C_Thomas)$3International Music Score Library Project
=942  \\$cBOO
=952  \\$00$10$2ddc$40$6KTS_1_000000000000000_C2_31_05J28$70$8RAR$91186$aORPH$bORPH$cKTS1_C2$d2020-07-08$eKoopman$oKTS1 C2.31 05J28$p20139201$r2021-01-12 00:00:00$w2021-01-12$yBOO
=999  \\$d1186

