=LDR  02447aam a2200289   4500
=001  1187
=008  210906s1724\\\\\\\|||||\||||\00|\0\fre\d
=041  \\$afre
=245  \\$aNouveau théâtre d'Italie, ou Description exacte de ses villes, palais, églises, principaux édifices &c.
=260  \\$aThe Hague$bAlberts$c1724
=300  \\$a[ii]-xl-14 pages$c57x35 cm
=500  \\$aAlso published in Latin as 'Novum Italiæ theatrum, sive Accurata descriptio ipsius urbium, palatiorum, sacrarum ædium, &c.'
=500  \\$aincomplete: title page and all plates cut from the edition.
=500  \\$aTitle page was a beautifully engraved and richly decorated, including a view of Venice in the lower corner. It was particularly rare as it was specially made for this volume by the publisher Alberts, and so not appearing in earlier editions.
Joan Blaeu published during his life three town-books of Italy: Citta del Vaticano, Rome and Naples. By the year 1672 a fire largely destroyed the main Blaeu workshop, and much of the prepared material.
However, work on the town-book continued, and in 1682 the completed work was published in Amsterdam by the heirs of Joan Blaeu (1596-1673), Dutch cartographer, printer and editor of atlasses. The town-book was a great success and re-issued several times by different publishers in Amsterdam, as late as 1726. Pierre Mortier re-issued all the Blaeu plates in the years 1704/05 in an atlas comprising four volumes.
Now with the imprint of A La Haye chez R.Alberts.
=534  \\$aOriginally published in 1704
=648  \0$a17th Century (1601-1700)$1http://www.wikidata.org/entity/Q7016$920923
=648  \0$a18th Century (1701-1800)$1http://www.wikidata.org/entity/Q7015$920899
=650  \0$aArchitecture$1http://www.wikidata.org/entity/Q12271$93185
=650  \0$aFine art$1http://www.wikidata.org/entity/Q219625$921579
=650  \0$aHistory$1http://www.wikidata.org/entity/Q309$921403
=651  \0$aItaly$1http://www.wikidata.org/entity/Q38$922
=700  \\$4egr$aMortier I, Pierre$d1661-1711$1http://www.wikidata.org/entity/Q7192808$95854
=700  \\$aBlaeu, Jean$d1596-1673$4egr$1http://www.wikidata.org/entity/Q379677$95855
=700  \\$aAlberts, Rutger Christoffel$d1691-1732$4edt$95856
=942  \\$cBOO
=952  \\$00$10$2ddc$40$6KTS_1_000000000000000_C1_29_05L01$70$8RAR$91187$aORPH$bORPH$cKTS1_C3$d2020-07-08$eKoopman$i 05L01$oKTS1 C1.29 05L01$p20137230$r2021-01-12 00:00:00$w2021-01-12$yBOO
=999  \\$d1187

