=LDR  04386aam a2200337   4500
=001  1189
=008  210917s1655\\\\\\\fa|||\||||\00|\0\dut\d
=041  \\$adut
=245  \\$aHet eerste [& tweede] deel van de voornaemste Statuen ende Ciraten, vant konstrijck Stadthuys van Amstelredam
=246  \1$aPrima Pars [& Pars Secunda] Praecipuarum effigierum ac ornamentorum, amplissimae Curiae Amstelrodamensis ...
=246  \1$aLa Premiere Partie De plusiers Figures et ornements, de la Maison de Ville d'Amsterdam
=260  \\$aAmsterdam$bQuellinus [05L02]$bDe Witt [05L03]$c1655 [05L02]$c1665 [05L03a]$c1668 [05L03b]
=300  \\$a05L02: [viii] pages + 41 plates (incomplete)$a05L03: 2 vols in 1 (portrait-index-48 plates + index-59 plates)$bLarge volumes with engravings printed single sided
=500  \\$aHubertus Quellinus was a Flemish artist and printmaker. His brother Artus Quellinus was a famous sculptor who made the decorations of the new Amsterdam City Hall by architect Jacob van Campen. Artus worked in Amsterdam on this project from 1650 to 1665. 
=500  \\$aThe publication on the new City Hall of Amsterdam was published in Amsterdam consisted of two parts: 'Afbeelding van 't stadt huys van Amsterdam: in dartigh coopere plaaten', by Jacob van Campen and 'De voornaemste statuen ende ciraten vant konstrijck stadthuys van Amstelredam, tmeeste in marmer gemaeckt door Artus Quellinus'. The first part consisted of 30 plates depicting the Amsterdam City Hall after designs made by Jacob Vennekool and engraved by Dancker Danckerts while the second part of the publication in two volumes included prints after the marble statues and ornaments executed by Artus Quellinus the Elder in the Amsterdam City Hall. The designs for these prints in the second part were made and engraved by Hubert Quellinus and were marked with the initials of both Artus (A. Q) and Hubertus Quellinus (H. Q). The two parts formed a volume in folio. The first part was published initially in 1655 while the second part was first published in 1663 in Amsterdam but the publisher Frederick de Widt (or 'de Witt') changed the dates on the Quellinus prints to 1665 and 1668.The publication was instrumental in the spread of the Baroque style in Northern Europe until the end of the 17th century, and was used by nearly all followers of the Flemish Baroque style in Europe as the most important pattern-book and source of inspiration in the fields of architectural ornamentation and sculpture.
[wikipedia]
05L02 is the first edition by Quellinus himself, from 1655.
05L03 contains both volumes of the De Witt edition from 1665/1668. 
=500  \\$a05L02 is not complete and in less good condition. The larger plates have been pasted on papers to make fold outs, that have been again reinforced. 
05L03 is in a better state, it seems to be complete. A double page spread has been used as the largest size for the images, so there are no fold-outs that are larger than the book itself, which is certainly better for the condition of the paper but it does mean some images can only be seen in parts. 
=561  \\$aPurchased by Ton Koopman from a bookstall in Ghent
=590  \\$atmeeste in marmer gemaeckt, door Artus Quellinus, Beelthouwer der voorseyde Stadt
=600  \0$aCampen, Jacob van$d1595-1657$1http://www.wikidata.org/entity/Q536951$913103
=648  \0$a17th Century (1601-1700)$1http://www.wikidata.org/entity/Q7016$920923
=650  \0$aFine art$1http://www.wikidata.org/entity/Q219625$921579
=650  \0$aArchitecture$1http://www.wikidata.org/entity/Q12271$93185
=650  \0$aAllegory$1http://www.wikidata.org/entity/Q18535$93718
=651  \0$aAmsterdam (Netherlands)$1http://www.wikidata.org/entity/Q727$9135
=700  \\$4ill$aQuellinus, Artus I$d1609-1668$1http://www.wikidata.org/entity/Q651461$95857
=700  \\$4ill$aQuellinus, Hubertus$d1605?-1688$1http://www.wikidata.org/entity/Q3787393$95858
=856  \\$uhttps://books.google.be/books?id=x7rNhT6e4jYC$3De Witt edition
=942  \\$cBOO
=952  \\$00$10$2ddc$40$6KTS_1_000000000000000_C3_21_05L02$70$8RAR$91188$aORPH$bORPH$cKTS1_C3$d2020-07-08$eKoopman$l0$oKTS1 C3.21 05L02$p20145497$r2021-01-12 00:00:00$w2021-01-12$yBOO
=952  \\$00$10$2ddc$40$6KTS_1_000000000000000_C3_21_05L03$70$8RAR$91189$aORPH$bORPH$cKTS1_C3$d2020-07-08$eKoopman$oKTS1 C3.21 05L03$p20145498$r2021-01-12 00:00:00$w2021-01-12$yBOO
=999  \\$d1189

