=LDR  02063aaa a2200349   4500
=001  1190
=005  20250923161048.0
=008  230623b\\\\\\\\|||fa|||\e|||\00|\0\fre\d
=041  \\$afre
=100  \\$aDiderot, Denis$d1713-1784$4edt$1http://www.wikidata.org/entity/Q448$914909
=245  \\$aMachines de théâtre
=260  \\$aParis$bBriasson$c[1772]
=300  \\$a8 pages + 27+22 plates$bbound in green leather
=500  \\$aFrom the 'Encyclopédie : Recueil de planches, sur les sciences et les arts', being the neuvième livraison or dixième volume of plates for the Encyclopédie, designed and explained by M. Radel, "Pensionnaire du Roi, & Architecte" with help from "M. Giraud, Architecte des Menus Plaisirs, & Machiniste de l'Opéra de Paris"
=500  \\$aMost (all?) plates signed: "Radel del. Bernard fecit", meaning Radel drew them and Robert Bernard made the engravings.  
=534  \\$oencyclopedie.uchicago.edu
=590  \\$aContenant quarante-neuf Planches à cause de quatorze doubles & de quatre triples.
=648  \0$1http://www.wikidata.org/entity/Q7015$a18th Century (1701-1800)$920899
=650  \0$aArchitecture$1http://www.wikidata.org/entity/Q12271$93185
=650  \0$aEncyclopedia$1http://www.wikidata.org/entity/Q5292$92184
=650  \0$aTheater$1http://www.wikidata.org/entity/Q24354$92225
=650  \0$aTheater history$1http://www.wikidata.org/entity/Q1061140$94607
=650  \0$aFine art$1http://www.wikidata.org/entity/Q219625$921579
=651  \0$1http://www.wikidata.org/entity/Q142$aFrance$9131
=700  \\$4aut$aBlondel, Jacques-François$95859
=700  \\$1http://www.wikidata.org/entity/Q153232$4edt$ad'Alembert, Jean Le Rond$d1717-1783$94826
=700  \\$4arc$95860$aGiraud, Louis-Alexandre
=700  \\$4aut$4ill$aPetit-Radel, Louis-François$95861
=942  \\$cBOO
=952  \\$00$10$2ddc$40$6KTS_1_000000000000000_C3_21_05L04$70$8RAR$91190$aORPH$bORPH$cKTS1_C3$d2020-07-08$eKoopman$l0$oKTS1 C3.21 05L04$p20145499$r2021-01-12 00:00:00$w2021-01-12$yBOO
=999  \\$d1190
=533  \\$aDigitized by iGuana, Spring 2025.

