=LDR  01558aaa a2200313   4500
=001  1191
=005  20250923161048.0
=008  230623b\\\\\\\\|||fa|||\e|||\00|\0\fre\d
=041  \\$afre
=100  \\$aDiderot, Denis$d1713-1784$4edt$1http://www.wikidata.org/entity/Q448$914909
=245  \\$aThéâtres
=260  \\$aParis$bBriasson$c1772
=300  \\$a4 pages$b31 plates of which 7 folded
=500  \\$aContains the plates and their explications about Theatres from the Diderot/d'Alembert Encyclopedie. With groundplans and cross sections of theatres in Italy and France. 
=500  \\$aEngravings by Robert Bernard. 
=534  \\$oencyclopedie.uchicago.edu
=563  \\$abound in green leather
=590  \\$aContenant trente-huit Planches à cause de sept doubles
=648  \0$1http://www.wikidata.org/entity/Q7015$a18th Century (1701-1800)$920899
=650  \0$aArchitecture$1http://www.wikidata.org/entity/Q12271$93185
=650  \0$aTheater$1http://www.wikidata.org/entity/Q24354$92225
=650  \0$aTheater history$1http://www.wikidata.org/entity/Q1061140$94607
=651  \0$1http://www.wikidata.org/entity/Q142$aFrance$9131
=651  \0$1http://www.wikidata.org/entity/Q38$aItaly$922
=700  \\$1http://www.wikidata.org/entity/Q153232$4edt$ad'Alembert, Jean Le Rond$d1717-1783$94826
=942  \\$cBOO
=952  \\$00$10$2ddc$40$6KTS_1_000000000000000_C3_21_05L05$70$8RAR$91191$aORPH$bORPH$cKTS1_C3$d2020-07-08$eKoopman$l0$oKTS1 C3.21 05L05$p20145500$r2021-01-12 00:00:00$w2021-01-12$yBOO
=999  \\$d1191
=533  \\$aDigitized by iGuana, Spring 2025.

