=LDR  01610aam a2200265   4500
=001  1192
=005  20250925143255.0
=008  230623s1908\\\\|||o||||\||||\00|\0\dut\d
=041  \\$adut
=100  \\$aSluijterman, Karel$d1863-1931$4aut$1http://www.wikidata.org/entity/Q1980746$95862
=245  \\$aOude binnenhuizen in Nederland
=260  \\$aThe Hague$bNijhoff$c1908
=300  \\$a21-[ii] pages + 100 plates$bUnbound book: introduction and plates (divided by transparent sheets) are kept loose in a dedicated folder with ribbons.
=500  \\$aBeautiful documentation of historic Dutch interiors of grand houses and public buildings, as they were around 1900, with beautifully printed photographs.
=500  \\$aKarel Sluijterman was a Dutch architect, furniture designer, interior designer, illustrator, ceramist, book binding designer and professor.
=590  \\$aDoor K. Sluyterman, Hoogleeraar aan de Technische Hoogeschool te Delft, met 100 Lichtdrukken
=648  \0$1http://www.wikidata.org/entity/Q6927$a20th Century (1901-2000)$920936
=650  \0$aArchitecture$1http://www.wikidata.org/entity/Q12271$93185
=650  \0$aInterior design$1http://www.wikidata.org/entity/Q179232$921367
=650  \0$aPhotography$1http://www.wikidata.org/entity/Q11633$91982
=650  \0$aHistory$1http://www.wikidata.org/entity/Q309$921403
=651  \0$1http://www.wikidata.org/entity/Q55$aNetherlands$9173
=942  \\$cBOO
=952  \\$00$10$2ddc$40$6KTS_1_000000000000000_C3_21_05L06$70$8RAR$91192$aORPH$bORPH$cKTS1_C3$d2020-07-08$eKoopman$l0$oKTS1 C3.21 05L06$p20145501$r2021-01-12 00:00:00$w2021-01-12$yBOO
=999  \\$d1192

