=LDR  03184    a2200445   4500
=001  1194
=005  20250923161048.0
=008  210430s1710\\\\\\\af|||\||||\00|\0bmul\d
=041  \\$ager$alat
=245  \\$aMannssfeldische Ehren-Pforte über dem Sarge des Beyland Hochgebohrnen Graffen und Herrn Johann Georgs, Des H. R. R. Graffen zu Mannßfeld, Edlen Herrn zu Heldrungen, Seeburg und Schraplau
=260  \\$aEisleben$bClaiisch$c1710
=300  \\$a[xxvi]-262-[2] pages$b5 A3 format foldable illustrated sheets inserted
=500  \\$acontains a Trauer-Ode
=500  \\$abeautiful engravings
=563  \\$aCoat of arms of Johann Georg on the front and back cover
=590  \\$aDero Hohen Stammes und Geschlechts höchst-meritirten Senioris und letzten Regierenden Herrn der Evangelisch Eißlebischen Linie, als Seine Hoch-Gräfl. Gnaden Nach dem heil. Willen Gottes, auf Dero gesamten Stamm- und Residenz-Schlosse Mannßfeld, am 1sten Jan. Des ietzlauffenden 1710ten Jahres früh gegen 3. Uhr Im Siebenzigsten Jahr Dero Hoch-Gräffl. Alters Hochseeligst von dieser Welt abgeschieden und den 3. Jun. dieses Jahres mit gebührenden Hoch-Gräffl. Solennitäten in Dero Erb-Begräbniß in der Stadt-Kirche zu St. Georgii im Thal Mannßfeld beygesetzet wurden
=600  \0$1http://www.wikidata.org/entity/Q21415698$aJohn George$bIII$cof Mansfeld-Eisleben$d1640-1710$926354
=648  \0$a18th Century (1701-1800)$1http://www.wikidata.org/entity/Q7015$920899
=650  \0$aBiography$1http://www.wikidata.org/entity/Q36279$91927
=650  \0$aFuneral$1http://www.wikidata.org/entity/Q201676$93261
=650  \0$aEulogy$1http://www.wikidata.org/entity/Q249697$923846
=651  \0$aEisleben (Germany)$1http://www.wikidata.org/entity/Q484870$921404
=653  \0$abegrafenis (ca. 1710)$3wb$020145507$w05L08$929366
=653  \0$amuziek_algemeen$3D4, 5, 10, 11, 90-96, 227-229, 235, 237$020145507$w05L08$935036
=653  \0$aemoties$3228$020145507$w05L08$931445
=653  \0$atrompet$3D3$020145507$w05L08$937194
=653  \0$akoor/orkestopstelling$3D11$020145507$w05L08$933679
=653  \0$aslagwerk$3D3, 18 afb.$020145507$w05L08$939152
=653  \\$aBuchen, J.C. (?)$3titelgravure, vw, D2, 3, 19, 23, 25, 82, 83, 96, 184, 262, D12, 24$930002$020145507$w05L08
=653  \\$acastrum doloris$3D3, 10, 11, 12, 13-19, 19 afb., 24$930293$020145507$w05L08
=653  \\$aHenrici, J.$3239-241$932711$020145507$w05L08
=653  \\$aOberdorffer, J.C.$3titelgravure, vw, D2, 3, 19, 23, 25, 82, 83, 96, 184, 262$020145507$w05L08$935311
=653  \\$aWinne, J.W.$392, 227-229$938001$020145507$w05L08
=700  \\$4ill$aBüchau, Johann Conrad$dfl. 17th-18th Century$1http://www.wikidata.org/entity/Q15190433$95864
=700  \\$4ill$aOberdörffer, Johann Christoph$d1664-1724$1http://www.wikidata.org/entity/Q55892990$95865
=856  \\$uhttps://www.digitale-sammlungen.de/de/view/bsb10529252?page=3$3Bavarian State Library
=942  \\$cBOO
=952  \\$00$10$2ddc$40$6KTS_1_000000000000000_C3_21_05L08$70$8RAR$91194$aORPH$bORPH$cKTS1_C3$d2020-07-08$eKoopman$l0$oKTS1 C3.21 05L08$p20145507$r2021-01-12 00:00:00$w2021-01-12$yBOO
=999  \\$d1194
=533  \\$aDigitized by iGuana, Spring 2025.

