=LDR  02021aam a2200277   4500
=001  1196
=008  230626s1893\\\\|||af|||\||||\00|\0\fre\d
=041  \\$afre
=100  \\$aSylvius, Balthasar$4aut$95866
=245  \\$aQuatre suites d'ornaments ... Eenen nieuwen boeck van dobbelmorisken seer oorbaerlyck voor goutsmeden, etc
=260  \\$aThe Hague$bNijhoff$c1893
=300  \\$a8-[60] pages
=490  \\$aReproductions d'anciennes gravures d'orfèvrerie hollandaise$v2
=500  \\$aBalthasar Geertssen, known as Bos or Sylvius (1518-1580) was a Dutch ornament printer. He joined the Antwerp guild of Saint-Luc in 1551; Balthasar drew various figures (foliage, interlacing, initials, arabesques) that he published in successive collections.
=590  \\$aFull title: 'Quatre suites d'ornements : variarum protractionum quas vulgo Maurusias vocant omnium antehac libellus, etc. 1554 : une livre contenant passement de moresques tres util a toutes gens exerceans le dict act. : une livre de grosserie et des flascons, et boites de poiure et boires du sel. De couppes et tasses, etc. 1568 : liber Maurusiarum duplicium : Eenen nieuwe boeck van dobbelmorisken seer oorbaerlyck voor goutsmeden, etc'
=648  \0$1http://www.wikidata.org/entity/Q6955$a19th Century (1801-1900)$920935
=650  \0$aFine art$1http://www.wikidata.org/entity/Q219625$921579
=650  \0$aMoresque$926352
=651  \0$1http://www.wikidata.org/entity/Q55$aNetherlands$9173
=653  \\$aGeertsen, B.$3boek II A, B, D$932076$020145504$w05L10
=653  \\$aklavecimbeldecoratie Ruckers$3boek II A, B, D$933532$020145504$w05L10
=700  1\$1http://www.wikidata.org/entity/Q2315436$4win$aBranden, F. Jos. van den$d1837-1922$926353
=856  \\$uhttps://archive.org/details/van-den-bos-1554-1893-inha/page/n3/mode/2up$3Internet Archive
=942  \\$cBOO
=952  \\$00$10$2ddc$40$6KTS_1_000000000000000_C3_21_05L10$70$8RAR$91196$aORPH$bORPH$cKTS1_C3$d2020-07-08$eKoopman$l0$oKTS1 C3.21 05L10$p20145504$r2021-01-12 00:00:00$w2021-01-12$yBOO
=999  \\$d1196

