=LDR  02332aam a2200313   4500
=001  1198
=008  230626r17211692||||||||\||||\00|\0\eng\d
=041  \\$aeng
=100  1\$aWood, Anthony à$d1632-1695$4aut$1http://www.wikidata.org/entity/Q691873$95868
=245  \\$aAthenæ Oxonienses
=260  \\$aLondon$bKnaplock$bMidwinter$bTonson$c1721
=300  \\$a2 vols. ([xii]-[371]-[143]-[8]+[iv]-[593]-[119]-[8] pages)$btitle pages in red and black ink
=500  \\$aAnthony Wood (1632-1695), who styled himself Anthony à Wood in his later writings, was an English antiquary.
=561  \\$aEx libris Squier Calthrop, Boston (plate)
=590  \\$aAn exact history of all the writers and bishops who have had their education in the most antient and famous University of Oxford, from the fifteenth year of King Henry the Seventh, AD 1500, to the author's death i November 1695. Representing the birth, fortune, preferment, and death of all those authors and prelates, the great accidents of their lives, and the fate and character of their writings. To which are added the Fasti, or annals, of the said University
=610  \0$aUniversity of Oxford (United Kingdom)$1http://www.wikidata.org/entity/Q34433$923329
=648  \0$1http://www.wikidata.org/entity/Q7016$a17th Century (1601-1700)$920923
=648  \0$1http://www.wikidata.org/entity/Q7015$a18th Century (1701-1800)$920899
=650  \0$aHistory$1http://www.wikidata.org/entity/Q309$921403
=650  \0$aInstitution$1http://www.wikidata.org/entity/Q178706$94241
=650  \0$aEncyclopedia$1http://www.wikidata.org/entity/Q5292$92184
=650  \0$aBiography$1http://www.wikidata.org/entity/Q36279$91927
=650  \0$aScholar$1http://www.wikidata.org/entity/Q20826540$93254
=651  \0$1http://www.wikidata.org/entity/Q34217$aOxford (United Kingdom)$922237
=856  \\$uhttps://archive.org/details/b30459527_0002$3Internet Archive
=942  \\$cBOO
=952  \\$00$10$2ddc$3Vol. 1$40$6KTS_1_000000000000000_C3_21_05L12_01$70$8RAR$91198$aORPH$bORPH$cKTS1_C3$d2020-07-08$eKoopman$g230.00$oKTS1 C3.21 05L12_01$p20145505$r2021-01-12 00:00:00$w2021-01-12$yBOO
=952  \\$00$10$2ddc$3Vol. 2$40$6KTS_1_000000000000000_C3_21_05L12_02$70$8RAR$922813$aORPH$bORPH$cKTS1_C3$d2020-07-08$eKoopman$g230.00$l0$oKTS1 C3.21 05L12_02$p20145508$r2023-06-26 00:00:00$w2021-01-12$yBOO
=999  \\$d1198

