=LDR  02409    a2200433   4500
=001  1199
=008  210906s1755\\\\\\\af|||\||||\00|\0\mul\d
=041  \\$adut$afre$aeng
=245  \\$aLyk-staetsie van Zyne Doorluchtigste Hoogheid den Heere Willem Carel Hendrik Friso Prince van Orange en Nassau.$bGehouden den IV Februari MDCCII
=260  \\$aThe Hague$bGosse; Daalen, van$c1755
=300  \\$a40 pages - 41 double paged engravings$c25x46 cm
=500  \\$abeautifully illustrated volume depicting the funeral procession
=648  \0$a18th Century (1701-1800)$1http://www.wikidata.org/entity/Q7015$920899
=650  \0$aHistory$1http://www.wikidata.org/entity/Q309$921403
=650  \0$aFine art$1http://www.wikidata.org/entity/Q219625$921579
=651  \0$aThe Hague (Netherlands)$1http://www.wikidata.org/entity/Q36600$910
=653  \0$abibliotheek$318, pl.xvii$020137229$w05L13$929548
=653  \0$aboekoplage$331-40$020137229$w05L13$929699
=653  \0$amuziek_algemeen$313, 14, 15, 16, 17$020137229$w05L13$935036
=653  \0$adansen$317, pl.xv$020137229$w05L13$930928
=653  \0$adwarsfluit$3pl.v, viii, xi$020137229$w05L13$931340
=653  \0$afagot$3pl.v, viii$020137229$w05L13$931585
=653  \0$atrompet$3tp, 5, 13, 18, 27, pl.ii, pl.xvii, xxix$020137229$w05L13$937194
=653  \0$atrompet-sordine$35$020137229$w05L13$937198
=653  \0$aharp$3tp$020137229$w05L13$932582
=653  \0$aVerkolje, J.$338, 39$020137229$w05L13$937416
=653  \0$ahobo$3pl.v, viii$020137229$w05L13$932805
=653  \0$ahoboriet$3pl.v, viii$020137229$w05L13$932814
=653  \0$ahoorn$3pl.v, viii$020137229$w05L13$932928
=653  \0$aWassenaer, U. van $315?, 31?$020137229$w05L13$937873
=653  \0$aslagwerk$35, 13, 15, 16, 17, 18, pl.i, pl.v, viii, xi, xviii$020137229$w05L13$939152
=653  \\$aEnschede, J.$336$931485$020137229$w05L13
=653  \\$aNeufville, J. de$335$935205$020137229$w05L13
=700  \\$4ill$aCuyck, Pieter Johannes van$d1720-1787$1http://www.wikidata.org/entity/Q2803577$95869
=700  \\$4egr$aPunt, Jan$d1711-1779$1http://www.wikidata.org/entity/Q16830410$95870
=856  \\$uhttps://archive.org/details/gri_33125016184349/mode/2up$3Internet Archive
=942  \\$cBOO
=952  \\$00$10$2ddc$40$6KTS_1_000000000000000_C3_21_05L13$70$8RAR$91199$aORPH$bORPH$cKTS1_C3$d2020-07-08$eKoopman$oKTS1 C3.21 05L13$p20137229$r2021-01-12 00:00:00$w2021-01-12$yBOO
=999  \\$d1199

