=LDR  01050aam a2200229   4500
=001  1200
=008  230626m17981799|||a||||\||||\00|\0\ger\d
=041  \\$ager
=100  \\$aHess, Joseph Anton$d1750-1805$4aut$1http://www.wikidata.org/entity/Q94352658$95871
=245  \\$aAnleitung zur Schönschreibkunst vom Schreibmeister Joseph Anton Hess
=260  \\$aWürzburg$bStumpf$c1799
=300  \\$a16 pages
=500  \\$a2 volumes, with continued pagination
=500  \\$aAutograph of the author on front covers
=648  \0$1http://www.wikidata.org/entity/Q7015$a18th Century (1701-1800)$920899
=650  \0$aEducation$926206
=650  \0$aCalligraphy$1http://www.wikidata.org/entity/Q12681$921626
=650  \0$aKurrent$1http://www.wikidata.org/entity/Q616216$926357
=651  \0$1http://www.wikidata.org/entity/Q2999$aWürzburg (Germany)$924916
=942  \\$cBOO
=952  \\$00$10$2ddc$40$6KTS_1_000000000000000_C3_21_05L14$70$8RAR$91200$aORPH$bORPH$cKTS1_C3$d2020-07-08$eKoopman$l0$oKTS1 C3.21 05L14$p20145506$r2021-01-12 00:00:00$w2021-01-12$yBOO
=999  \\$d1200

