=LDR  02126acm a2200313   4500
=001  1203
=005  20250926135308.0
=008  220628s1779\\\\|||||a||\||||\00|\0\ger\d
=041  \\$ager
=059  \\$aSATB 2ob 2tpt tpt2 timp 2vn vla bc
=100  \\$aBach, Carl Philipp Emanuel$d1714-1788$4cmp$1http://www.wikidata.org/entity/Q76428$99218
=240  \\$aWq. 217
=245  \\$aHeilig, mit zwei Chören und einer Ariette zur Einleitung
=260  \\$aHamburg$bBach$aLeipzig$bBreitkopf$c1779
=300  \\$a22 pages
=500  \\$aContains list of subscribers
=500  \\$aPerformed by the Nederlands Kamerkoor and Amsterdam Baroque Orchestra conducted by Ton Koopman at the 1988 Oude Muziek Festival of Utrecht.
=520  \\$aIn a letter to Breitkopf from 1776, C. P. E. Bach noted about his "Heilig": "Hier habe ich den meisten und kühnsten Fleiß bewiesen zu einer guten Ausnahme. Dieses Heilig ist ein Versuch, durch ganz natürliche harmonische Fortschreibungen weit stärkere Aufmerksamkeit und Empfindung zu erregen, als man mit aller ängstlicher Chromatik nicht im Stande ist zu thun. Es soll mein Schwanenlied von dieser Art sein, und dazu dienen, daß man meiner nach meinem Tod nicht zu bald vergessen möge."
=534  \\$aPremiered at the St. Michaeliskirche of Hamburg, 27 September 1776
=610  \0$aHauptkirche Sankt Michaelis (Hamburg, Germany)$1http://www.wikidata.org/entity/Q674472$91290
=648  \0$a18th Century (1701-1800)$1http://www.wikidata.org/entity/Q7015$920899
=650  \0$aChurch music$1http://www.wikidata.org/entity/Q8812109$92283
=650  \0$aLutheranism$1http://www.wikidata.org/entity/Q75809$923975
=650  \0$aCantata$1http://www.wikidata.org/entity/Q174873$921603
=651  \0$aHamburg (Germany)$1http://www.wikidata.org/entity/Q1055$921940
=856  \\$uhttps://imslp.org/wiki/Heilig%2C_H.778_(Bach%2C_Carl_Philipp_Emanuel)$3International Music Score Library Project
=942  \\$cSCO
=952  \\$00$10$2ddc$40$6KTS_1_000000000000000_C3_21_05L17$70$8RAR$91203$aORPH$bORPH$cKTS1_C3$d2020-07-08$eKoopman$oKTS1 C3.21 05L17$p20145513$r2021-01-12 00:00:00$w2021-01-12$ySCO
=999  \\$d1203

