=LDR  01130aam a2200241   4500
=001  1205
=003  OSt
=008  210205b\\\\\\\\\\\af|||\||||\00|\0\fre\d
=040  \\$cBF
=041  \\$afre
=245  \\$aLa lutherie
=260  \\$as.l.$bBriasson$bDavid$bLe Breton$c1762-72
=300  \\$a7 pages$bxxix engraved sheets inserted
=500  \\$aFrom the Encyclopédie : Recueil de planches, sur les sciences et les arts, vol. 5
=500  \\$acollection of illustrated plates on organology/musical instruments
=648  \0$1http://www.wikidata.org/entity/Q7015$a18th Century (1701-1800)$920899
=650  \0$aOrganology$1http://www.wikidata.org/entity/Q899293$921400
=651  \0$1http://www.wikidata.org/entity/Q90$aParis (France)$9160
=700  \\$1http://www.wikidata.org/entity/Q153232$4aut$ad'Alembert, Jean Le Rond$d1717-1783$94826
=700  \\$1http://www.wikidata.org/entity/Q448$4aut$aDiderot, Denis$d1713-1784$914909
=942  \\$cBOO
=952  \\$00$10$2ddc$40$6KTS_1_000000000000000_C3_21_05L19$70$8RAR$91205$aORPH$bORPH$cKTS1_C3$d2020-07-08$eKoopman$l0$oKTS1 C3.21 05L19$p20145512$r2021-01-12 00:00:00$w2021-01-12$yBOO
=999  \\$d1205

