=LDR  02805aam a2200277   4500
=001  1206
=008  220610s1675\\\\|||af|||\||||\00|\0\fre\d
=041  \\$afre
=100  \\$aBouzonnet-Stella, Antoinette$d1641-1676$1http://www.wikidata.org/entity/Q4775574$4ill$95878
=245  \\$a[The Entry of the Emperor Sigismund into Mantua]
=260  \\$aParis$bLouvre$c1675
=300  \\$a[i]-24 pages$bengraved plates$coblong
=500  \\$aAntoinette Bouzonnet-Stella (c. 1641-1676) came from a family of engravers, including her daughter Claudine
=500  \\$aContains an engraved portrait of Antoinette Bouzonnet-Stella's uncle Jacques Stella (1596-1657), classicist "Peintre du Roy" and printmaker, and "Chevalier de l'ordre de St. Michel"
=520  \\$aAntoinette Bouzonnet-Stella mastered the art of printmaking with tutelage from her uncle, painter and printmaker Jacques Stella. Invited to live in his prestigious lodgings in the Louvre, she produced copies of paintings by her uncle and 17th-century master Nicolas Poussin. She later received important commissions from French officials.

In 1675, Stella executed The Entrance of the Emperor Sigismond into Mantua for Louis XIV’s minister of finance Jean-Baptiste Colbert (1619-1683). The commission was part of a large-scale effort by the French government to emulate the appearance of Classical Greek and Roman sculpture in French national art.

The engravings reproduced a 16th-century stucco frieze in the Palazzo del Tè in Mantua, Italy, by Renaissance artists Giulio Romano and Francesco Primaticcio. Stella’s prints thus employ the grand pictorial language of ancient Rome to depict the visit of Holy Roman Emperor Sigismond to Mantua in 1433.

Exquisitely executed, the engravings by Stella illustrate the power of a narrative borrowed from antiquity, employed in 16th-century Italy, and sought after by the 17th-century French court.

(https://nmwa.org/art/collection/entrance-emperor-sigismond-mantua/)
=563  \\$aLong oblong volume with engravings pasted in
=610  \0$aPalazzo del Te (Mantua, Italy)$1http://www.wikidata.org/entity/Q1261544$924325
=610  \0$aMusée du Louvre (Paris, France)$1http://www.wikidata.org/entity/Q19675$91554
=648  \0$a16th Century (1501-1600)$1http://www.wikidata.org/entity/Q7017$920944
=648  \0$a17th Century (1601-1700)$1http://www.wikidata.org/entity/Q7016$920923
=650  \0$aFine art$1http://www.wikidata.org/entity/Q219625$921579
=651  \0$aMantua (Italy)$1http://www.wikidata.org/entity/Q6247$921593
=651  \0$aParis (France)$1http://www.wikidata.org/entity/Q90$9160
=942  \\$cBOO
=952  \\$00$10$2ddc$40$6KTS_1_000000000000000_C3_21_05L20$70$8RAR$91206$aORPH$bORPH$cKTS1_C3$d2020-07-08$eKoopman$oKTS1 C3.21 05L20$p20145511$r2021-01-12 00:00:00$w2021-01-12$yBOO
=999  \\$d1206

