=LDR  02581aam a2200289   4500
=001  1207
=005  20250930123612.0
=008  210520i17661778\\\f||||\||||\00|\0\fre\d
=041  \\$afre
=100  \\$aDom Bédos de Celles$d1709-1779$4aut$1http://www.wikidata.org/entity/Q928760$95880
=245  \\$aL'Art du facteur d'orgues
=250  \\$a1st ed.
=260  \\$aParis$bBédos de Celles$c1766-78
=300  \\$a2 volumes ([ii]-xxxii-676 pages+cxxxvii folios)$billustrations
=500  \\$aDom Bédos de Celles (1709-1779) was a Benedictine monk who built organs in Montpellier and Bordeaux, and who worked as gnomonist, i.e. calculator
=500  \\$aCited in Koopman 1985, p. 17; Koopman 2008, p. 6; Koopman 2016, 672 ("I remember two books in particular that I have been wanting to buy but could not afford for a long time ... It is only recently that I have been able to buy Dom Bedos's L'art du facteur d'orgues. I have been a client at the Voerster bookshop in Stuttgart for many years, and have found a great number of books there with which I just immediately fell in love. When visiting I would often make a pile of books that I would like to buy, and then see what I could afford later. After such a visit Mr. Voerster and I would sometimes have dinner together. The last time I visited him, about three months before he died, he had asked me during dinner if there was a book that I never bought because it was too expensive. I told him that for me that was Dom Bedos. After dinner he showed me a beautiful copy for an appropriate price and it is now in my collection.")
=561  \\$aSuperlibris of Marchese G. d'Adda ("Con limpidezza")
=590  \\$aPar D. Bedos de Celles, Bénédictin
=648  \0$a18th Century (1701-1800)$1http://www.wikidata.org/entity/Q7015$920899
=650  \0$aOrgan$1http://www.wikidata.org/entity/Q1444$92810
=650  \0$aApplied arts$1http://www.wikidata.org/entity/Q2865882$921627
=651  \0$aFrance$1http://www.wikidata.org/entity/Q142$9131
=856  \\$uhttps://imslp.org/wiki/L%27art_du_facteur_d%27orgues_(B%C3%A9dos_de_Celles_de_Salelles%2C_Fran%C3%A7ois_Lamathe)$3International Music Score Library Project
=942  \\$cBOO
=952  \\$00$10$2ddc$3Texte$40$6KTS_1_000000000000000_C3_21_05L21_01$70$8RAR$91207$aORPH$bORPH$cKTS1_C3$d2020-07-08$eKoopman$oKTS1 C3.21 05L21_01$p20137525$r2021-01-12 00:00:00$w2021-01-12$yBOO
=952  \\$00$10$2ddc$3Planches$40$6KTS_1_000000000000000_C3_21_05L21_02$70$8RAR$920867$aORPH$bORPH$cKTS1_C3$d2020-07-08$eKoopman$l0$oKTS1 C3.21 05L21_02$p20137519$r2021-10-27 00:00:00$w2021-01-12$yBOO
=999  \\$d1207

