=LDR  01126aam a2200241   4500
=001  1210
=005  20250925143255.0
=008  220921s1919\\\\||||||||\||||\00|\0\dut\d
=041  \\$adut
=100  \\$aWolf, P. de$4edt$95884
=245  \\$aLiefdebloem$bGebedenboekje voor Roomsch-katholieken
=250  \\$a5th ed.
=260  \\$aTurnhout$bBrepols$c1919
=300  \\$a354 pages$bshiny cover, guilt edges, printed in black and red$c9,5x6,5 cm
=500  \\$aOn page 10: Imprimatur Mechliniae, 19 Februarii 1919. J. Thys, can., ;ib. cens.
On last page: Turnhout (België, Naamlooze Vennootschap Brepols.
=563  \\$acover material ??
=648  \0$a20th Century (1901-2000)$1http://www.wikidata.org/entity/Q6927$920936
=650  \0$aPrayer$1http://www.wikidata.org/entity/Q40953$921486
=650  \0$aCatholicism$1http://www.wikidata.org/entity/Q1841$921631
=651  \0$aBelgium$1http://www.wikidata.org/entity/Q31$920881
=942  \\$cBOO
=952  \\$00$10$2ddc$40$6KTS_1_000000000000000_C2_42_06A01$70$8RAR$91210$aORPH$bORPH$cKTS1_C2$d2020-07-08$eKoopman$l0$oKTS1 C2.42 06A01$p20139530$r2021-01-12 00:00:00$w2021-01-12$yBOO
=999  \\$d1210

