=LDR  01313aam a2200217   4500
=001  1211
=008  220921s1884\\\\||||||||\||||\00|\0\dut\d
=041  \\$adut
=245  \\$aHet nieuwe Testament
=260  \\$aAmsterdam$aHaarlem$bBrandt$bEnschede$c1884
=300  \\$a[iv]-302 pages$c12x6,5 cm
=500  \\$athe so-called 'Statenbijbel'
=501  \\$aBound in with 'Het Boek der Psalmen', 'Evangelische Gezangen' + Catechismus
=590  \\$aOf alle boeken des nieuwen verbonds onzes Heeren Jesus Christus, uit de Grieksche taal in onze Nederlandsche taal getrouwelijk overgezet: op last van de hoog-mog. heeren Staten Generaal der vereenigde Nederlanden. En volgens het besluit van de Synode Nationaal, gehouden te Dordrecht, in de jaren 1618 en 1619. Ingerigt overeenkomstig de thans meest gebruikelijke taal en spelling. 
=648  \0$a19th Century (1801-1900)$1http://www.wikidata.org/entity/Q6955$920935
=650  \0$aReligion$1http://www.wikidata.org/entity/Q9174$93062
=650  \0$aBible$1http://www.wikidata.org/entity/Q1845$921581
=651  \0$aNetherlands$1http://www.wikidata.org/entity/Q55$9173
=942  \\$cBOO
=952  \\$00$10$2ddc$40$6KTS_1_000000000000000_C2_42_06A02A$70$8RAR$91211$aORPH$bORPH$cKTS1_C2$d2020-07-08$eKoopman$l0$oKTS1 C2.42 06A02a$p20139531$r2021-01-12 00:00:00$w2021-01-12$yBOO
=999  \\$d1211

