=LDR  01680aam a2200277   4500
=001  1212
=008  220921s1851\\\\||||||||\||||\00|\0\dut\d
=041  \\$adut
=100  \\$aLannoy, Juliana Cornelia de$d1738-1782$4aut$1http://www.wikidata.org/entity/Q2316970$95885
=245  \\$aErnstige en luimige gedichten
=260  \\$aThe Hague$bFuhri$c1851
=300  \\$a153 pages$c11,5x8 cm
=500  \\$aJuliana de Lannoy was a respected female Dutch poet and writer in the second half of the 18th century. She wrote three tragedies as they were known to be a difficult genre and she wanted to prove not only men could write them.  
=500  \\$aOn the first titlepage De Lannoy is referred to as a Baronnesse, which she was not. This edition dates from almost 70 years after her death. 
=563  \\$aContains both an 'engraved' titlepage (actually a lithography?) and a typographical titlepage. 
=648  \0$a18th Century (1701-1800)$1http://www.wikidata.org/entity/Q7015$920899
=648  \0$a19th Century (1801-1900)$1http://www.wikidata.org/entity/Q6955$920935
=650  \0$aPoetry$1http://www.wikidata.org/entity/Q482$93026
=650  \0$aFeminism$1http://www.wikidata.org/entity/Q7252$921809
=650  \0$aFemale$1http://www.wikidata.org/entity/Q6581072$921764
=650  \0$aGender$1http://www.wikidata.org/entity/P21$921254
=651  \0$aNetherlands$1http://www.wikidata.org/entity/Q55$9173
=856  \\$uhttps://books.google.be/books?id=QFU8mgEACAAJ$3Google Books
=942  \\$cBOO
=952  \\$00$10$2ddc$40$6KTS_1_000000000000000_C2_42_06A03$70$8RAR$91212$aORPH$bORPH$cKTS1_C2$d2020-07-08$eKoopman$l0$oKTS1 C2.42 06A03$p20139532$r2021-01-12 00:00:00$w2021-01-12$yBOO
=999  \\$d1212

