=LDR  01122aam a2200229   4500
=001  1213
=008  220921s1641\\\\||||||||\||||\00|\0\lat\d
=041  \\$alat
=100  \\$aDrexel, Jeremias$d1581-1638$4aut$1http://www.wikidata.org/entity/Q67095$95886
=245  \\$aDaniel, prophetarum princeps
=250  \\$a1st ed.
=260  \\$aAntwerp$bCnobbaert$c1641
=300  \\$a[xiv]-319 pages$bengraved title page$c11,5 x 6,5 cm
=500  \\$aJeremias Drexel (1581-1638) was a Jesuit writer of devotional literature and a professor of humanities and rhetoric who served Maximilian I of Bavaria
=500  \\$aThis book was published after the author's death. 
=563  \\$abound in brown leather
=648  \0$a17th Century (1601-1700)$1http://www.wikidata.org/entity/Q7016$920923
=650  \0$aReligion$1http://www.wikidata.org/entity/Q9174$93062
=856  \\$uhttps://books.google.be/books?id=-hBcAAAAQAAJ$3Google Books
=942  \\$cBOO
=952  \\$00$10$2ddc$40$6KTS_1_000000000000000_C2_42_06A04$70$8RAR$91213$aORPH$bORPH$cKTS1_C2$d2020-07-08$eKoopman$l0$oKTS1 C2.42 06A04$p20139529$r2021-01-12 00:00:00$w2021-01-12$yBOO
=999  \\$d1213

