=LDR  01758aam a2200289   4500
=001  1214
=008  210416s1630\\\\\\\|||||\||||\00|\0\lat\d
=041  \\$alat
=100  \\$aBarclay, John$d1582-1621$4aut$1http://www.wikidata.org/entity/Q1699269$95887
=245  \\$aArgenis
=250  \\$arev. ed. 
=260  \\$aUtrecht$bElsevier$c1630
=300  \\$a690-[vi] pages$c12,5 x 8 cm
=500  \\$aHistorical allegory
=504  \\$acontains an index of terms and a 'tabula nominum fictorum'
=520  \\$aArgenis tells the story of the religious conflict in France under Henry III of France and Henry IV of France, and also touches on more contemporary English events, such as the Overbury scandal. The tendency is royalist, anti-aristocratic; it is told from the angle of a king who reduces the landed aristocrats' power in the interest of the "country", the interest of which is identified with that of the king. (Wikipedia)
=534  \\$aoriginally published in Paris, 1620; first edition by Elsevier published in 1627
=561  \\$aname of previous owner crossed out on flyleaf and tp
=590  \\$aEditio novissima. Cum clave, hoc est nominum propriorum elucidatione hactenus nondum edita. 
=648  \0$a17th Century (1601-1700)$1http://www.wikidata.org/entity/Q7016$920923
=650  \0$aHistory$1http://www.wikidata.org/entity/Q309$921403
=650  \0$aNovel$1http://www.wikidata.org/entity/Q8261$921629
=651  \0$aScotland$1http://www.wikidata.org/entity/Q22$921258
=651  \0$aUnited Kingdom$1http://www.wikidata.org/entity/Q21$9273
=942  \\$cBOO
=952  \\$00$10$2ddc$40$6KTS_1_000000000000000_C2_42_06A05$70$8RAR$91214$aORPH$bORPH$cKTS1_C2$d2020-07-08$eKoopman$l0$oKTS1 C2.42 06A05$p20139533$r2021-01-12 00:00:00$w2021-01-12$yBOO
=999  \\$d1214

