=LDR  01564aam a2200217   4500
=001  1215
=008  220921s1839\\\\||||||||\||||\00|\0\dut\d
=041  \\$adut
=245  \\$aDe Nederlandsche wetboeken$bMiniatuur uitgave
=260  \\$aZaltbommel$bNoman$c1839
=300  \\$a815-9 pages$c11x7 cm
=505  \\$gDe Grondwet voor het koninkrijk der Nederlanden / Het besluit van 10 april 1839, bepalende het tijdstip van de invoering der nieuwe wetgeving / de wet op de organisatie van de Rechterlijke Macht / de Wet op de overgang van de vroegere tot de nieuwe wetgeving / algemeene bepalingen der wetgeving van het koninkrijk der Nederlanden / het nog in werking zijnde wetboek van Strafregt (Code Pénal)
=563  \\$aembossed leather binding, on front cover the coat of arms of the Netherlands, on the back symbols of justice and law. 
=648  \0$a19th Century (1801-1900)$1http://www.wikidata.org/entity/Q6955$920935
=650  \0$aHistory$1http://www.wikidata.org/entity/Q309$921403
=650  \0$aLaw$1http://www.wikidata.org/entity/Q7748$93727
=651  \0$aNetherlands$1http://www.wikidata.org/entity/Q55$9173
=856  \\$uhttps://books.google.be/books?id=mnl7FxTmUpEC&pg=PP7&dq=de+nederlandsche+wetboeken+miniatuur&hl=nl&sa=X&ved=2ahUKEwjd4dbgiqb6AhUAiP0HHZlyAlQQ6wF6BAgEEAE#v=onepage&q=de%20nederlandsche%20wetboeken%20miniatuur&f=false$3Google Books
=942  \\$cBOO
=952  \\$00$10$2ddc$40$6KTS_1_000000000000000_C2_42_06A06$70$8RAR$91215$aORPH$bORPH$cKTS1_C2$d2020-07-08$eKoopman$l0$oKTS1 C2.42 06A06$p20139536$r2021-01-12 00:00:00$w2021-01-12$yBOO
=999  \\$d1215

