=LDR  01411aam a2200253   4500
=001  1217
=008  220921s1635\\\\||||||||\||||\00|\0\lat\d
=041  \\$alat
=100  \\$aGrotius, Hugo$d1583-1645$4aut$1http://www.wikidata.org/entity/Q154959$94890
=245  \\$aTragœdia Sophompaneas,$bAccesserunt, tragœdia ejusdem Christus patiens et sacri argumenti alia
=260  \\$aAmsterdam$bBlaeu$c1635
=300  \\$a120 pages$c12,5 x 8 cm
=500  \\$aHugo de Groot (1583-1645) was a Dutch humanist.
=500  \\$aSeveral editions of this work appeared in 1635.
=500  \\$aThis edition contains: Sophompaneas (a Biblical tragedy about Joseph in Egypt), Christus Patiens (about the suffering of Christ), and Silvae Sacrae.
=501  \\$aBound in with Grotius' 'Silva' (1622) and Hoffmann's 'Lussuum epigrammaticorum' (1663)
=648  \0$a17th Century (1601-1700)$1http://www.wikidata.org/entity/Q7016$920923
=650  \0$aPlay (theater)$1http://www.wikidata.org/entity/Q25379$921414
=650  \0$aTransposition$1http://www.wikidata.org/entity/Q815323$93154
=651  \0$aNetherlands$1http://www.wikidata.org/entity/Q55$9173
=856  \\$uhttps://books.google.be/books?id=F0cUAAAAQAAJ$3Google Books
=942  \\$cBOO
=952  \\$00$10$2ddc$40$6KTS_1_000000000000000_C2_42_06A07A$70$8RAR$91217$aORPH$bORPH$cKTS1_C2$d2020-07-08$eKoopman$l0$oKTS1 C2.42 06A07a$p20139534$r2021-01-12 00:00:00$w2021-01-12$yBOO
=999  \\$d1217

