=LDR  00980aam a2200217   4500
=001  1218
=008  220921s1663\\\\||||||||\||||\00|\0\lat\d
=041  \\$alat
=100  \\$aHoffmann, Friedrich$4aut$95888
=245  \\$aPoeticum cum musis colludium: sive Lusuum epigrammaticorum centuriæ
=260  \\$aAmsterdam$bValckenier$c1663
=300  \\$a138 pages
=501  \\$aBound in with Hugo de Goot, Tragœdia Sophompaneas (1635) and Silva (1622).
=648  \0$a17th Century (1601-1700)$1http://www.wikidata.org/entity/Q7016$920923
=650  \0$aPoetry$1http://www.wikidata.org/entity/Q482$93026
=650  \0$aLinguistics$1http://www.wikidata.org/entity/Q8162$93902
=773  \\$01217$tTragœdia Sophompaneas$w1217
=856  4\$uhttps://books.google.nl/books?id=ClNkAAAAcAAJ
=942  \\$cBOO
=952  \\$00$10$2ddc$40$6KTS_1_000000000000000_C2_42_06A07C$70$8RAR$91218$aORPH$bORPH$cKTS1_C2$d2020-07-08$eKoopman$l0$oKTS1 C2.42 06A07c$p20139534c$r2021-01-12 00:00:00$w2021-01-12$yBOO
=999  \\$d1218

