=LDR  02849aam a2200337   4500
=001  1219
=008  220922s1813\\\\||||||||\||||\00|\0\dut\d
=041  \\$adut
=245  \\$aUitlegginge van de wijdberoemde en vermaarde glazen, binnen de voortreffelijke en vermaarde St. Janskerk te Gouda
=260  \\$aGouda$bVerblaauw$c1813
=300  \\$a52 pages$bbound in decorated cardboard
=500  \\$aIn 1681, Gouda printer Dirck Bockhoven printed the first guidebook to the glass stained windows of the Sint-Jans kerk of Gouda. This is one of the oldest and longest publishing tourist guides in Dutch. Until the end of the nineteenth century, this booklet was adapted and reprinted. The Uitlegginge is also fairly quickly translated into German, French and English for foreign tourists. Each glass is accompanied by an explanation in poem form.
=500  \\$aDespite the proper and careful maintenance, by the mid 18th century the stain-glassed windows of the St.John Church were in a dilapidated state, having taken their place for up to two hundred years in some cases. From 6 October 1749, the church's doors closed during the day and visitors could only be allowed entry if they payed a three-penny entry fee, a source of income to finance the restoration. If they wished, a 'glass explainer' leads them around.
=534  \\$c1681
=590  \\$aTen dienste en gerief, zoo voor de Inwoners dezer Satd, als voor de Vreemdelingen, die dit konstig Werk komen te aanschouwen. Vermeerdert met veele schoone zinryke Vaarzen, opgesteld door voorname Auteurs; en een Gezang op aller Glazen inhoud; nevens een Verhaal van den Brand derzelver Kerk in den Jaare 1552.
=648  \0$a19th Century (1801-1900)$1http://www.wikidata.org/entity/Q6955$920935
=648  \0$a17th Century (1601-1700)$1http://www.wikidata.org/entity/Q7016$920923
=650  \0$aTragedy$1http://www.wikidata.org/entity/Q80930$924998
=650  \0$aPoetry$1http://www.wikidata.org/entity/Q482$93026
=650  \0$aArchitecture$1http://www.wikidata.org/entity/Q12271$93185
=650  \0$aInterior design$1http://www.wikidata.org/entity/Q179232$921367
=650  \0$aApplied arts$1http://www.wikidata.org/entity/Q2865882$921627
=650  \0$aChurch$1http://www.wikidata.org/entity/Q16970$93776
=650  \0$aFine art$1http://www.wikidata.org/entity/Q219625$921579
=651  \0$aGouda (Netherlands)$1http://www.wikidata.org/entity/Q84125$920853
=700  \\$4ctb$aVondel, Joost van den$d1587-1679$1http://www.wikidata.org/entity/Q312673$95247
=700  \\$4ctb$aPierson, Christoffel $d1631-1714$925004
=856  \\$uhttps://books.google.be/books?id=2_phAAAAcAAJ$3Google Books
=942  \\$cBOO
=952  \\$00$10$2ddc$40$6KTS_1_000000000000000_C2_42_06A08$70$8RAR$91219$aORPH$bORPH$cKTS1_C2$d2020-07-08$eKoopman$l0$oKTS1 C2.42 06A08$p20139535$r2021-01-12 00:00:00$w2021-01-12$yBOO
=999  \\$d1219

