=LDR  01884aam a2200337   4500
=001  1220
=008  220922s1632\\\\||||||||\||||\00|\0\mul\d
=041  \\$alat
=041  \\$agre
=100  \\$aTheophrastus$dc. 371-c. 287 BC$4aut$1http://www.wikidata.org/entity/Q160362$95889
=245  \\$aCharacteres ethici, sive, Morum descriptiones
=260  \\$aLeiden$bMaire, le$c1632
=300  \\$a239 pages$c9x5 cm$bbound in white vellum
=500  \\$aOriginally 'Ἠθικοὶ χαρακτῆρε'
=500  \\$aTheophrastus (c. 371-c. 287 BC) was the successor to Aristotle in the Peripatetic school
=500  \\$ahis work on moral characters is the first recorded attempt at systematic character description
=500  \\$afor a rev. ed., see https://books.google.be/books?id=fQkrvlhvpqgC
=500  \\$aEx libris: Lord Archibaldus Lundinus, Parish minister at Saltoun, Scotland?
=561  \\$aEx libris Archibald Lundinus (manuscript)
=590  \\$aCum Notis & Monitis Ioannis Angelii Werdenhagen I.C.C.
=648  \0$aClassical Antiquity (8th Century BC-6th Century AD)$1http://www.wikidata.org/entity/Q486761$921435
=648  \0$a17th Century (1601-1700)$1http://www.wikidata.org/entity/Q7016$920923
=650  \0$aMoral education$1http://www.wikidata.org/entity/Q25457248$93171
=650  \0$aEthics$1http://www.wikidata.org/entity/Q9465$924679
=650  \0$aPsychology$1http://www.wikidata.org/entity/Q9418$922578
=650  \0$aPhilosophy$1http://www.wikidata.org/entity/Q5891$92357
=700  \\$4ctb$aWerdenhagen, Johann Angelius $d1581-1652$1http://www.wikidata.org/entity/Q1692380$925010
=856  \\$uhttps://books.google.be/books?id=oYJoAAAAcAAJ$3Google Books
=942  \\$cBOO
=952  \\$00$10$2ddc$40$6KTS_1_000000000000000_C2_42_06A09$70$8RAR$91220$aORPH$bORPH$cKTS1_C2$d2020-07-08$eKoopman$l0$oKTS1 C2.42 06A09$p20139537$r2021-01-12 00:00:00$w2021-01-12$yBOO
=999  \\$d1220

