=LDR  02065aam a2200277   4500
=001  1221
=008  220922s1628\\\\||||||||\||||\00|\p\lat\d
=041  \\$alat
=100  \\$aMartialis, Marcus Valerius$d40-104$4aut$1http://www.wikidata.org/entity/Q2098$95051
=245  \\$aM. Val. Martialis, ex museo Petri Scriverii
=260  \\$aAmsterdam$bJanssonius$c1628
=300  \\$a318 pages$bleather cover, gold embossed spine, engraved title page$c11x5 cm
=500  \\$aContains 'De Spectaculis' and ' Epigrammatum Liber I-XIV'
=500  \\$aMartial's keen curiosity and power of observation are manifested in his epigrams. The enduring literary interest of Martial's epigrams arises as much from their literary quality as from the colorful references to human life that they contain. Martial's epigrams bring to life the spectacle and brutality of daily life in imperial Rome, with which he was intimately connected. 
=500  \\$aMartial's Liber de Spectaculis is almost universally considered a work describing the remarkable 100-day games held by Titus on the inauguration of the new Flavian Amphitheatre (= Colosseum) in A.D. 80. 
=500  \\$aPetrus Scriverius first published Martialis' Epigrams in 1619, which would become the most widely used in the seventeenth century
=648  \0$aClassical Antiquity (8th Century BC-6th Century AD)$1http://www.wikidata.org/entity/Q486761$921435
=648  \0$a17th Century (1601-1700)$1http://www.wikidata.org/entity/Q7016$920923
=650  \0$aTheater history$1http://www.wikidata.org/entity/Q1061140$94607
=650  \0$aPoetry$1http://www.wikidata.org/entity/Q482$93026
=650  \0$aLiterature$1http://www.wikidata.org/entity/Q8242$94439
=651  \0$aRome (Italy)$1http://www.wikidata.org/entity/Q220$949
=700  \\$4edt$4cmm$aScriverius, Petrus$d1576-1660$1http://www.wikidata.org/entity/Q2063138$96788
=942  \\$cBOO
=952  \\$00$10$2ddc$40$6KTS_1_000000000000000_C2_42_06A10$70$8RAR$91221$aORPH$bORPH$cKTS1_C2$d2020-07-08$eKoopman$l0$oKTS1 C2.42 06A10$p20139538$r2021-01-12 00:00:00$w2021-01-12$yBOO
=999  \\$d1221

