=LDR  01200aam a2200229   4500
=001  1222
=008  220922s1665\\\\||||||||\||||\00|\0cfre\d
=041  \\$afre
=100  \\$aBourdeille, Pierre de$d1540-1614$4aut$1http://www.wikidata.org/entity/Q733270$95890
=245  \\$aMémoires de Messire Pierre de Bourdeille, Seigneur de Brantôme
=260  \\$aLeiden$bSambix$c1665
=300  \\$a[xii]-600 pages$bbound in whitre vellum
=500  \\$aPierre de Bourdeille, seigneur de Brantôme (c. 1540-1614) was a French historian, soldier and biographer
=500  \\$a1st edition 1604
=590  \\$aContenans Les Vies des Hommes Illustres & grands Capitaines estrangers de son temps.
=648  \0$a17th Century (1601-1700)$1http://www.wikidata.org/entity/Q7016$920923
=650  \0$aBiography$1http://www.wikidata.org/entity/Q36279$91927
=650  \0$aBiography$1http://www.wikidata.org/entity/Q36279$91927
=856  \\$uhttps://archive.org/details/ned-kbn-all-00002750-001/page/n11$3Internet Archive
=942  \\$cBOO
=952  \\$00$10$2ddc$40$6KTS_1_000000000000000_C2_42_06A11$70$8RAR$91222$aORPH$bORPH$cKTS1_C2$d2020-07-08$eKoopman$l0$oKTS1 C2.42 06A11$p20139541$r2021-01-12 00:00:00$w2021-01-12$yBOO
=999  \\$d1222

