=LDR  01521aam a2200241   4500
=001  1223
=008  220922s1631\\\\||||||||\||||\00|\0\lat\d
=041  \\$alat
=100  \\$aAugustine of Hippo$d354-430$4aut$1http://www.wikidata.org/entity/Q8018$95891
=245  \\$aDivi Aurelii Augustini Confessionum
=260  \\$aCologne$bs.n.$c1631
=300  \\$a468-[24] pages$bengraved title page$c11x6 cm
=500  \\$aAutobiographical work by Saint Augustine, consisting of 13 books, written in Latin between 497-400. The work outlines Saint Augustine's sinful youth and his conversion to Christianity.
=500  \\$aEditor Henri de Sommal (Henricus Sommalius), was a Jesuit priest from the southern Netherlands. He was the founder of several colleges in the southern Netherlands and was known as a preacher and writer. 
=504  \\$ahttps://en.wikipedia.org/wiki/Confessions_(Augustine)
=648  \0$aClassical Antiquity (8th Century BC-6th Century AD)$1http://www.wikidata.org/entity/Q486761$921435
=648  \0$a17th Century (1601-1700)$1http://www.wikidata.org/entity/Q7016$920923
=650  \0$aBiography$1http://www.wikidata.org/entity/Q36279$91927
=650  \0$aCatholicism$1http://www.wikidata.org/entity/Q1841$921631
=700  \\$4edt$aSommal, Henri de$d1534-1619$1http://www.wikidata.org/entity/Q1606112$925015
=942  \\$cBOO
=952  \\$00$10$2ddc$40$6KTS_1_000000000000000_C2_42_06A12$70$8RAR$91223$aORPH$bORPH$cKTS1_C2$d2020-07-08$eKoopman$l0$oKTS1 C2.42 06A12$p20139539$r2021-01-12 00:00:00$w2021-01-12$yBOO
=999  \\$d1223

