=LDR  01228aam a2200229   4500
=001  1224
=008  220922s1651\\\\||||||||\||||\00|\0\lat\d
=041  \\$alat
=100  \\$aGronovius, Johann Friedrich $d1611-1671$4aut$1http://www.wikidata.org/entity/Q67520$921729
=245  \\$aObservatorum in scriptoribus ecclesiasticis
=260  \\$aDaventry$bColombius$c1651
=300  \\$a[xxvi]-292-[28] pages$bleather bound embossed in gold
=500  \\$aGronovius was a German-Dutch classicist. He was a professor at Leiden University and the university's librarian. 
=504  \\$aIndex
=590  \\$aQuibus tamen passim & aequales illis & vetustiores utriusque linguae auctores interpositi & illustrantur & emendantur, monobiblos.
=648  \0$a17th Century (1601-1700)$1http://www.wikidata.org/entity/Q7016$920923
=650  \0$aReligion$1http://www.wikidata.org/entity/Q9174$93062
=650  \0$aCatholicism$1http://www.wikidata.org/entity/Q1841$921631
=856  \\$uhttps://books.google.be/books?id=utA7AAAAcAAJ$3Google Books
=942  \\$cBOO
=952  \\$00$10$2ddc$40$6KTS_1_000000000000000_C2_42_06A13$70$8RAR$91224$aORPH$bORPH$cKTS1_C2$d2020-07-08$eKoopman$l0$oKTS1 C2.42 06A13$p20139540$r2021-01-12 00:00:00$w2021-01-12$yBOO
=999  \\$d1224

