=LDR  01470aam a2200253   4500
=001  1225
=008  220926b\\\\\\\\|||a||||\||||\00|\p\dut\d
=041  \\$adut
=245  \\$a't Groot Hoorns, Enkhuyzer, Alkmaarder en Purmerender Liede-boek
=260  \\$aAmsterdam$bKannewet$c1740c [?]
=300  \\$a312-[8] pages$bengraved title page, musical examples, bound in green leather$c7x4x4 cm
=500  \\$acontains very little music (pages 53-70), but mentions the tunes onto which the words are to be sung
=500  \\$arepertoire originates probably from the 17th century
=500  \\$aWith title vignette (crown in garland), and illustration on reverse title page (seated angel with violin)
=500  \\$adigitalisation print of 1762:
https://books.google.be/books?id=SXxWAAAAcAAJ
=501  \\$aBound in with 't Groot Hoorns, Enkhuyzer, Alkmaarder en Purmerender liede-boek, zijnde een vervolg op 't voorgaande'
=590  \\$aVercierd met veel mooye Bruylofts-liedekens en Gezangen
=648  \0$a18th Century (1701-1800)$1http://www.wikidata.org/entity/Q7015$920899
=650  \0$aPoetry$1http://www.wikidata.org/entity/Q482$93026
=650  \0$aSong$1http://www.wikidata.org/entity/Q7366$94164
=651  \0$aNetherlands$1http://www.wikidata.org/entity/Q55$9173
=942  \\$cBOO
=952  \\$00$10$2ddc$40$6KTS_1_000000000000000_C2_42_06B01A$70$8RAR$91225$aORPH$bORPH$cKTS1_C2$d2020-07-08$eKoopman$l0$oKTS1 C2.42 06B01a$p20139542$r2021-01-12 00:00:00$w2021-01-12$yBOO
=999  \\$d1225

