=LDR  01260aam a2200229   4500
=001  1226
=008  220926b\\\\\\\\||||||||\||||\00|\p\dut\d
=041  \\$adut
=245  \\$a't Groot Hoorns, Enkhuyzer, Alkmaarder en Purmerender liede-boek, zijnde een vervolg op 't voorgaande
=260  \\$aAmsterdam$bKannewet$c1762c
=300  \\$a312-[8] pages
=500  \\$adoes not contain music, but mentions the tunes onto which the words are to be sung
=501  \\$aBound in with  't Groot Hoorns, Enkhuyzer, Alkmaarder en Purmerender liede-boek'
=590  \\$aVercierd met verscheyde Nieuwe en aangename Bruylofts-Liedekens en snaakze Gezangen
=650  \0$aSong$1http://www.wikidata.org/entity/Q7366$94164
=650  \0$aPoetry$1http://www.wikidata.org/entity/Q482$93026
=651  \0$aNetherlands$1http://www.wikidata.org/entity/Q55$9173
=773  \\$01225$t’t Groot Hoorns, Enkhuyzer, Alkmaarder en Purmerender liede-boek$w1225
=856  \\$uhttps://www.dbnl.org/arch/_gro023groo02_01/pag/_gro023groo02_01.pdf$3Digital Library for Dutch Literature (DBNL)
=942  \\$cBOO
=952  \\$00$10$2ddc$40$6KTS_1_000000000000000_C2_42_06B01B$70$8RAR$91226$aORPH$bORPH$cKTS1_C2$d2020-07-08$eKoopman$l0$oKTS1 C2.42 06B01b$p20139542b$r2021-01-12 00:00:00$w2021-01-12$yBOO
=999  \\$d1226

