=LDR  01418aam a2200253   4500
=001  1227
=008  220926s1879\\\\||||||||\||||\00|\p\dut\d
=100  \\$aGoethe, Johann Wolfgang von$d1749-1832$4aut$1http://www.wikidata.org/entity/Q5879$911175
=245  \\$aFaust
=260  \\$aLeiden$bSijthoff$c1879
=300  \\$a[162] pages$billustrated title page, lithographs, gilt edges, cloth bound embossed in gold and black, decorated endpapers$c10x7 cm
=500  \\$aOriginally published in 1808 and 1828-9
=500  \\$aportrait of Goethe on frontispiece
=500  \\$aintroductions by Isaac Da Costa, Henry Houssaye, P. G. Van Ghert, Moriz Carriere and J/ J/ L. Ten Kate
=600  \0$aFaust$1http://www.wikidata.org/entity/Q332885$922646
=648  \0$a18th Century (1701-1800)$1http://www.wikidata.org/entity/Q7015$920899
=648  \0$a19th Century (1801-1900)$1http://www.wikidata.org/entity/Q6955$920935
=650  \0$aPlay (theater)$1http://www.wikidata.org/entity/Q25379$921414
=650  \0$aLiterature$1http://www.wikidata.org/entity/Q8242$94439
=650  \0$aPoetry$1http://www.wikidata.org/entity/Q482$93026
=700  \\$4trl$aKate, J. J. L. ten$d1819-1889$1http://www.wikidata.org/entity/Q1869897$94792
=942  \\$cBOO
=952  \\$00$10$2ddc$40$6KTS_1_000000000000000_C2_42_06B02$70$8RAR$91227$aORPH$bORPH$cKTS1_C2$d2020-07-08$eKoopman$l0$oKTS1 C2.42 06B02$p20139543$r2021-01-12 00:00:00$w2021-01-12$yBOO
=999  \\$d1227

