=LDR  01589aam a2200289   4500
=001  1228
=008  211013s1626\\\\\\\|||||\||||\00|\p\lat\d
=041  \\$alat
=245  \\$aCatullus, Tibullus, Propertius Cum C. Galli. Fragmentis quæ extant
=260  \\$aAmsterdam$bJanssonius [?]$c1626
=300  \\$a240 pages$bleather bound, gilded spine$c11x6 cm
=500  \\$aspine titled 'Catullus' in golden letters
=500  \\$aAmsterdam 1630 Edition: https://books.google.be/books?id=WSD2zGwqhO8C
=561  \\$aP Clonnoll Frin Coll(ection) ? (manuscript)
=561  \\$aBolland Collection (Stamp and manuscript)
=561  \\$aBritish Library of Political and Economic Science (Stamp)
=648  \0$aClassical Antiquity (8th Century BC-6th Century AD)$1http://www.wikidata.org/entity/Q486761$921435
=648  \0$a17th Century (1601-1700)$1http://www.wikidata.org/entity/Q7016$920923
=650  \0$aPoetry$1http://www.wikidata.org/entity/Q482$93026
=700  \\$4aut$aCatullus$d84-54 BC$1http://www.wikidata.org/entity/Q163079$95894
=700  \\$4aut$aTibullus$dc. 55 BC-19 BC$1http://www.wikidata.org/entity/Q109598$95895
=700  \\$4aut$aPropertius, Sextus$d47-14 BC$1http://www.wikidata.org/entity/Q8827$95896
=700  \\$4aut$aGallus, Gaius Cornelius$d70-26 BC$1http://www.wikidata.org/entity/Q8825$95897
=856  \\$uhttps://books.google.be/books?id=3t_qMEiK_AYC$3Google Books
=942  \\$cBOO
=952  \\$00$10$2ddc$40$6KTS_1_000000000000000_C2_42_06B03$70$8RAR$91228$aORPH$bORPH$cKTS1_C2$d2020-07-08$eKoopman$oKTS1 C2.42 06B03$p20139544$r2021-01-12 00:00:00$w2021-01-12$yBOO
=999  \\$d1228

