=LDR  02807aam a2200325   4500
=001  1229
=008  220926s1687\\\\||||||||\||||\00|\m\lat\d
=041  \\$alat
=100  \\$aBuchanan, George$d1506-1582$4aut$1http://www.wikidata.org/entity/Q715169$95676
=245  \\$aPœmata quae extant
=260  \\$aAmsterdam$bWetsten$c1687
=300  \\$a[xvi]-546-[12] pages$bengraved title page, red edges
=500  \\$aGeorge Buchanan was a Scottish historian, humanist scholar and Neolatine poet. He is also considered one of the monarchomachs, a school of Huguenot jurists who criticised absolute monarchy and elaborated a theory of tyrannicide or tyranticide on the basis of popular sovereignty.
=500  \\$aIntresting title-page engraving depicting a medaillon with portrait of the author, one of the Muses (?Calliope, Muse of Epic Poetry), a harp, pan-flute and violin, a sater and a priest.
=500  \\$aFor mastery of the Latin language, Buchanan has seldom been surpassed by any modern writer. His style is not rigidly modelled on that of any classical author, but has a freshness and elasticity of its own. Hugh Trevor-Roper called him "by universal consent, the greatest Latin writer, whether in prose or in verse, in sixteenth century Europe". He wrote Latin as if it were his mother tongue. Buchanan also had a rich vein of poetical feeling, and much originality of thought. His translations of the Psalms and of the Greek plays are more than mere versions; his two tragedies, Baptistes and Jephthes, enjoyed a European reputation for academic excellence.
=500  \\$aContains amongst others Buchanans Psalms, Franciscanus, Epigrams, De Sphaera, tragedies (Esther, Baptistes)...
=500  \\$aEnds with Latin translations of Euripides' classics Greek tragedies 'Medea' and 'Alceste'
=561  \\$aG.C. Macanlay Rugby 1884 (manuscript)
=561  \\$aEx libris Somerhill Library (Plate)
=648  \0$a16th Century (1501-1600)$1http://www.wikidata.org/entity/Q7017$920944
=648  \0$a17th Century (1601-1700)$1http://www.wikidata.org/entity/Q7016$920923
=650  \0$aPoetry$1http://www.wikidata.org/entity/Q482$93026
=650  \0$aPlay (theater)$1http://www.wikidata.org/entity/Q25379$921414
=650  \0$aLiterature$1http://www.wikidata.org/entity/Q8242$94439
=651  \0$aScotland$1http://www.wikidata.org/entity/Q22$921258
=856  \\$u[]$3https://books.google.be/books?id=K7xeAAAAcAAJ
=942  \\$cBOO
=952  \\$00$10$2ddc$40$6KTS_1_000000000000000_C2_42_06B04$70$8RAR$91229$aORPH$bORPH$cKTS1_C2$d2020-07-08$eKoopman$l0$oKTS1 C2.42 06B04$p20139545$r2021-01-12 00:00:00$w2021-01-12$yBOO
=952  \\$00$10$2ddc$40$6KTS_1_000000000000000_C2_42_06B10$70$8RAR$91235$aORPH$bORPH$cKTS1_C2$d2020-07-08$eKoopman$l0$oKTS1 C2.42 06B10$p20139551$r2021-01-12 00:00:00$w2021-01-12$yBOO
=999  \\$d1229

