=LDR  01921aam a2200301   4500
=001  1230
=008  220929s1633\\\\||||||||\||||\00|\0\lat\d
=041  \\$alat
=100  \\$aBoxhorn, Marcus Zuerius$d1612-1653$4edt$1http://www.wikidata.org/entity/Q738477$95898
=245  \\$aDe Leodiensi Republica
=260  \\$aAmsterdam$bJanssonius$c1633
=300  \\$a[viii]-516 pages
=500  \\$aThis work, for the most part in the original edition, collects documents, sources and writings of various authors dedicated to the history of Liège (Belgium)
=500  \\$aMark Zuesius Boxhorn, Dutch historian, devoted himself to works on Flemish history, editions of classics and emblems and finally to the law of navigation. 


=500  \\$aSplendid copper-engraved frontispiece depicting two putti atop two columns with typographical data in the center.  
=561  \\$aEx libris Arthur Ralph 1891 (manuscript)
=563  \\$aCoeval binding in full stiff parchment with overlapping sides
=590  \\$aAuctores praecipui. Partim nunc primum editi in quibus descriptiae antiquitates, antistitum historia, et alia habentur
=648  \0$a17th Century (1601-1700)$1http://www.wikidata.org/entity/Q7016$920923
=650  \0$aHistory$1http://www.wikidata.org/entity/Q309$921403
=651  \0$aLiège (Belgium)$1http://www.wikidata.org/entity/Q3992$9240
=700  \\$4aut$aGiuccardini, Lodovico$d1521-1589$1http://www.wikidata.org/entity/Q940660$925089
=700  \\$4aut$aOrtelius, Abraham$d1527-1598$1http://www.wikidata.org/entity/Q232916$95987
=700  \\$4aut$aAndreas, Valerius$d1588-1655$1http://www.wikidata.org/entity/Q770810$925090
=856  \\$u[]$3https://www.digitale-sammlungen.de/en/view/bsb11249647?page=1
=942  \\$cBOO
=952  \\$00$10$2ddc$40$6KTS_1_000000000000000_C2_42_06B05$70$8RAR$91230$aORPH$bORPH$cKTS1_C2$d2020-07-08$eKoopman$l0$oKTS1 C2.42 06B05$p20139547$r2021-01-12 00:00:00$w2021-01-12$yBOO
=999  \\$d1230

