=LDR  02365aam a2200361   4500
=001  1231
=008  220929s1658\\\\||||||||\||||\00|\|dlat\d
=041  \\$alat
=100  \\$aThomas à Kempis$d1380-1471$4aut$1http://www.wikidata.org/entity/Q220976$95899
=245  \\$aDe Imitatione Christi, $bLibri quatuor
=260  \\$aLeiden$bElsevier$c1658
=300  \\$a261 pages$bengraved frontispiece
=500  \\$aThomas à Kempis was a German-Dutch canon regular and a member of the 'Modern Devotion', a spiritual movement for religious reform during the late medieval period, calling for apostolic renewal through the rediscovery of genuine pious practices such as humility, obedience, and simplicity of life. 
=500  \\$aWritten  in the Netherlands c. 1418-27
=500  \\$aFirst published in 1471-72
=500  \\$aOne of the most popular and best known Christian devotional books.
=500  \\$aThis example contains several manuscript references to Henrici Weatherill (Ex libris) from 1870 and 1880, in latin and greek, on front and backmaterial 
=500  \\$aJoannes Gordonius (Ex libris) could refer to the English speaking student who graduated at Leyden university  Apr. 1676. 
=504  \\$ahttps://en.wikipedia.org/wiki/The_Imitation_of_Christ
=561  \\$aEx libris Joannes Gordonius (manuscript)
=561  \\$aEx libris Gladstone Library National Liberal Club (plate)
=561  \\$aEx libris Henrici Weatherill 1870 (manuscript)
=590  \\$aRecensiti ad fidem autographi anni 1441 cum Vita ejusdem Thomae, per Heribertum Rosweydum, Societat Iesu.
=648  \0$a15th Century (1401-1500)$1http://www.wikidata.org/entity/Q7018$921015
=650  \0$aCatholicism$1http://www.wikidata.org/entity/Q1841$921631
=650  \0$aDevotion$1http://www.wikidata.org/entity/Q33111788$925087
=651  \0$aNetherlands$1http://www.wikidata.org/entity/Q55$9173
=700  \\$4edt$aBolland, Jean$d1596-1665$cJoannes Bollandus$1http://www.wikidata.org/entity/Q554434$95314
=700  \\$4aut$aRosweyde, Heribert$d1569-1629$1http://www.wikidata.org/entity/Q639331$925088
=856  \\$u[]$3https://books.google.be/books?id=7VQnGzWyJCQC
=942  \\$cBOO
=952  \\$00$10$2ddc$40$6KTS_1_000000000000000_C2_42_06B06$70$8RAR$91231$aORPH$bORPH$cKTS1_C2$d2020-07-08$eKoopman$l1$m1$oKTS1 C2.42 06B06$p20139546$r2022-09-29 00:00:00$s2022-09-27$w2021-01-12$yBOO
=999  \\$d1231

