=LDR  02629aam a2200289   4500
=001  1232
=008  220927s1629\\\\||||||||\||||\00|\h\lat\d
=041  \\$alat
=100  \\$aHeinsius, Daniel$d1580-1655$4aut$1http://www.wikidata.org/entity/Q918731$95177
=245  \\$aLaus Asini
=260  \\$aLeiden$bElsevier$c1629
=300  \\$a[xx]-438 pages$bengraved title page, bound in contemporary white vellum with overlapping sides$c10x7 cm
=500  \\$aOriginally published in 1623
=500  \\$aThis ironic eulogy is a satire on ignorance and voluntary servitude of the donkey. It mocks people in an Erasmian spirit. The aim, says Heinsius in "ad lectorem" is to vindicate men of letters and people who enjoy learning, through the scorn of ignorant people, who ridicule them not only heartily (liberty ...), but also culture ( eruditioni) and the sciences.The author fiercely attacks the stupidity and ignorance of the ruling classes and government officials. 
=500  \\$aexample of Menippean satire
=500  \\$aDaniël Heinsius (Ghent, 1580-The Hague, 1655) was one of the most famous scholars of the Dutch Renaissance. He taught poetics, classics and political science at Universiteit Leiden, which he also served as librarian
=505  \\$gThe first edition of 1623, which contained only 'Laus Asini', has been expanded in this second edition by six other pieces
1: a Menippean satire 'Cras credo, hodie nihil'
2: 'Epistola, qua agitur an, & qualis viro literato sit duce'
3: 'Laus pediculi, ad Conscriptos Mendicorum Patres'
4: 'Epistola de poetarum ineptiis & saeculi vitio'
5: 'Argumentum Batrachomyomachiae'
6: 'Viro Nobilissimo Ioanni Milandro, Domino de Poederoeye, Principi a Secretis: de Graeculis, quos illi commendaverat'.
At the end, Heinsius added a short letter to H. Grotius, and a poem of consolation for his friend Baudius, on the occasion of his wife's death.
=561  \\$aEx libris Ducis Brunsvicensis et Luneburgensis (Plate)
=590  \\$aTertia parte auctior: cum alijs festivis opusculis, quorum seriem pagella sequens indicat
=648  \0$a17th Century (1601-1700)$1http://www.wikidata.org/entity/Q7016$920923
=650  \0$aNovel$1http://www.wikidata.org/entity/Q8261$921629
=650  \0$aSatire$1http://www.wikidata.org/entity/Q128758$921636
=651  \0$aNetherlands$1http://www.wikidata.org/entity/Q55$9173
=856  \\$uhttps://books.google.be/books?id=wZJbAAAAQAAJ$3Google Books
=942  \\$cBOO
=952  \\$00$10$2ddc$40$6KTS_1_000000000000000_C2_42_06B07$70$8RAR$91232$aORPH$bORPH$cKTS1_C2$d2020-07-08$eKoopman$l0$oKTS1 C2.42 06B07$p20139548$r2021-01-12 00:00:00$w2021-01-12$yBOO
=999  \\$d1232

