=LDR  01369aam a2200229   4500
=001  1233
=008  220929s1782\\\\||||||||\||||\00|\f\fre\d
=041  \\$afre
=100  \\$aDurey de Sauvoy du Terrail, Joseph$d1712-1770$4aut$95900
=245  \\$aLe Masque, $bou Anecdotes particulières du chevalier ***
=260  \\$aLondon [Paris]$bs.n.$c1782
=300  \\$a[ii]-212$bgilt edges
=500  \\$aOriginally published in 1751
=500  \\$aA sentimental novel that depicts the amorous encounters and libertinage that accompanied the masked balls.
=500  \\$aMarquis Joseph Durey de Sauvoy was a marshal, governor of Verdun and author of the novels 'Le Masque' and 'La Princesse de Gonzague'. He  wrote several plays, including a tragedy 'Lagus'. His works remained in manuscript and were only performed at his theater in Epinay. He founded an annual prize at the academy of Dijon.
=648  \0$a18th Century (1701-1800)$1http://www.wikidata.org/entity/Q7015$920899
=650  \0$aBiography$1http://www.wikidata.org/entity/Q36279$91927
=650  \0$aNovel$1http://www.wikidata.org/entity/Q8261$921629
=651  \0$aFrance$1http://www.wikidata.org/entity/Q142$9131
=942  \\$cBOO
=952  \\$00$10$2ddc$40$6KTS_1_000000000000000_C2_42_06B08$70$8RAR$91233$aORPH$bORPH$cKTS1_C2$d2020-07-08$eKoopman$l0$oKTS1 C2.42 06B08$p20139549$r2021-01-12 00:00:00$w2021-01-12$yBOO
=999  \\$d1233

