=LDR  01704aam a2200325   4500
=001  1234
=008  220929s1639\\\\||||||||\||||\00|\0\mul\d
=041  \\$alat
=041  \\$agre
=100  \\$4edt$aCrespin, Jean$dc. 1520-572$1http://www.wikidata.org/entity/Q1685457$95904
=245  \\$aOeconomia Totius operis
=260  \\$aGeneva$bTournet, de$c1639
=300  \\$a[xxxii]-159-267-[5]-410-[11] pages
=500  \\$aseries of notes on Hesiod, Theognis of Megara, Theocritus, Phoclidis, Pythagoras, Solonis, Simonidis a.o.
=500  \\$ahandwritten marginalia throughout the volume
=500  \\$aapparently a very rare work
=561  \\$aEx libris John Rutherfurd, Esq. of Edgerston (plate), 
=561  \\$aEx libris Mr F. S. Oliver (inserted card)
=561  \\$aEx libris (several initials) 29 May 1712 (manuscript)
=648  \0$aClassical Antiquity (8th Century BC-6th Century AD)$1http://www.wikidata.org/entity/Q486761$921435
=650  \0$aMythology$1http://www.wikidata.org/entity/Q9134$921600
=650  \0$aLiterature$1http://www.wikidata.org/entity/Q8242$94439
=650  \0$aPoetry$1http://www.wikidata.org/entity/Q482$93026
=651  \0$aGreece$1http://www.wikidata.org/entity/Q41$921778
=700  \\$4aut$aHesiodus$dfl. 750-650 BC$1http://www.wikidata.org/entity/Q44233$95901
=700  \\$4aut$aTheognis of Megara$dc. 6th century BC$1http://www.wikidata.org/entity/Q336115$95902
=700  \\$4aut$aTheocritus$dc. 300-after 260 BC$1http://www.wikidata.org/entity/Q219484$95903
=942  \\$cBOO
=952  \\$00$10$2ddc$40$6KTS_1_000000000000000_C2_42_06B09$70$8RAR$91234$aORPH$bORPH$cKTS1_C2$d2020-07-08$eKoopman$l0$oKTS1 C2.42 06B09$p20139550$r2021-01-12 00:00:00$w2021-01-12$yBOO
=999  \\$d1234

