=LDR  01902aam a2200301   4500
=001  1236
=008  221003s1813\\\\|||a||||\||||\00|\mddut\d
=041  \\$adut
=245  \\$aAlmanack der Musen en Gratiën, $baan vriendschap, liefde en kunst gewijd
=260  \\$aAmsterdam$bMaaskamp$c1813
=300  \\$a[xxxvi]-110- [2] pages$bengraved frontispiece, engraved illustrations, charts, gilt edges, decorated paper cover and spine
=500  \\$aContains homages to Haydn (p.1-13), Mozart (p.19-23) and Schikaneder (p.28-30)
=500  \\$amodeled upon the French 'Almanach des Muses' (see 09A29, 11A07 and 1B19), the 'Musen-Almanach' from Göttingen (see H1-019-20), Hamburg (06K11-14, H2-134, X3B13 and X3D13)
=500  \\$aJohann Heinrich Voß (1751-1826) became its editor in 1774, but in 1775 founded his own almanac in Hamburg
=500  \\$aanother competing almanac was founded by Schiller (see H3-011 & X1B18)
=500  \\$a7 fine engravings by Willem van Senus (1773-1851) a Dutch etcher, engraver, reproductive printmaker and painter
=648  \0$a19th Century (1801-1900)$1http://www.wikidata.org/entity/Q6955$920935
=650  \0$aAlmanac$1http://www.wikidata.org/entity/Q171341$921366
=650  \0$aShort story$1http://www.wikidata.org/entity/Q49084$925095
=650  \0$aAlmanac$1http://www.wikidata.org/entity/Q171341$921366
=650  \0$aHistory$1http://www.wikidata.org/entity/Q309$921403
=650  \0$aMusic history$1http://www.wikidata.org/entity/Q846047$921373
=650  \0$aFine art$1http://www.wikidata.org/entity/Q219625$921579
=651  \0$aNetherlands$1http://www.wikidata.org/entity/Q55$9173
=856  \\$uhttps://books.google.be/books?id=ygxdAAAAcAAJ$3Google Books
=942  \\$cBOO
=952  \\$00$10$2ddc$40$6KTS_1_000000000000000_C2_42_06B11$70$8RAR$91236$aORPH$bORPH$cKTS1_C2$d2020-07-08$eKoopman$l0$oKTS1 C2.42 06B11$p20139555$r2021-01-12 00:00:00$w2021-01-12$yBOO
=999  \\$d1236

