=LDR  02593aam a2200325   4500
=001  1237
=008  221003s1650\\\\||||||||\||||\00|\0dlat\d
=041  \\$alat
=100  \\$aTacitus$d54-120$4aut$1http://www.wikidata.org/entity/Q2161$95287
=245  \\$aC. Cornelius Tacitus ex recensione I. Lipii, I. Pontani et aliorum
=260  \\$aAmsterdam$bJanssonius$c1650
=300  \\$a470-[32] pages$bengraved frontispiece and title page, leather bound embossed cover$c11x6 cm
=500  \\$aCommented edition?
=500  \\$aTacitus' Histories is a Roman historical chronicle written c. 100–110. It covers c. 69–96, a period which includes the Year of Four Emperors following the downfall of Nero, as well as the period between the rise of the Flavian dynasty under Vespasian and the death of Domitian.
Tacitus' Annals is a history of the Roman Empire from the reign of Tiberius to that of Nero, the years AD 14–68. They are an important source for modern understanding of the history of the Roman Empire during the 1st century AD; it is Tacitus' final work, and modern historians generally consider it his greatest writing. Together, the Histories and the Annals amounted to 30 books. 
=500  \\$aFrontispiece engraving has motto "Amor ab amando" (love from loving)
=500  \\$aThis is probably a reprint of the Leiden Elsevier edition of 1634
=505  \\$gContains the Annals -- the Histories -- De Situ, Moribus, et Populis Germaniae, Libellus -- Iulli Agricolae vita -- Dialogue on Quintillian's De Oratore - Biography of Tacitus -- Index
=648  \0$aClassical Antiquity (8th Century BC-6th Century AD)$1http://www.wikidata.org/entity/Q486761$921435
=648  \0$a17th Century (1601-1700)$1http://www.wikidata.org/entity/Q7016$920923
=650  \0$aHistory$1http://www.wikidata.org/entity/Q309$921403
=650  \0$aRhetoric$1http://www.wikidata.org/entity/Q81009$93894
=650  \0$aBiography$1http://www.wikidata.org/entity/Q36279$91927
=650  \0$aLiterature$1http://www.wikidata.org/entity/Q8242$94439
=651  \0$aHoly Roman Empire$1http://www.wikidata.org/entity/Q12548$971
=700  \\$4aut$aQuintilian$d35-96$1http://www.wikidata.org/entity/Q193769$95436
=700  \\$4aut$aLipsius, Justus$d1547-1606$1http://www.wikidata.org/entity/Q315871$96803
=700  \\$4aut$aPontanus, Johannes Isacius$d1571-1639$1http://www.wikidata.org/entity/Q2204098$925098
=942  \\$cBOO
=952  \\$00$10$2ddc$40$6KTS_1_000000000000000_C2_42_06B12$70$8RAR$91237$aORPH$bORPH$cKTS1_C2$d2020-07-08$eKoopman$l0$oKTS1 C2.42 06B12$p20139556$r2021-01-12 00:00:00$w2021-01-12$yBOO
=999  \\$d1237

