=LDR  01315aam a2200241   4500
=001  1238
=008  210816s1633\\\\||||||||\||||\00|\0\lat\d
=041  \\$ager
=100  \\$aDrexel, Jeremias$d1581-1638$4aut$1http://www.wikidata.org/entity/Q67095$95886
=245  \\$aInfernus damnatorum et carcer et rogus æternitatis pars IIa
=260  \\$aCologne$bGualteri$c1633
=300  \\$a[xiv]-272 pages
=500  \\$aJeremias Drexel (1581-1638) was a Jesuit writer of devotional literature and a professor of humanities and rhetoric who served Maximilian I of Bavaria
=590  \\$aCoram Seris. Maximiliano et Elisabetha Utr. Bav. Ducib.s explicata, ab Hier. Drexelio è Soc. Iesu
=610  \0$aJesuits$1http://www.wikidata.org/entity/Q36380$921140
=648  \0$a17th Century (1601-1700)$1http://www.wikidata.org/entity/Q7016$920923
=650  \0$aReligion$1http://www.wikidata.org/entity/Q9174$93062
=650  \0$aMoral education$1http://www.wikidata.org/entity/Q25457248$93171
=651  \0$aGermany$1http://www.wikidata.org/entity/Q183$9155
=856  \\$uhttps://books.google.be/books?id=3UJrswEACAAJ$3Google Books
=942  \\$cBOO
=952  \\$00$10$2ddc$40$6KTS_1_000000000000000_C2_42_06C01$70$8RAR$91238$aORPH$bORPH$cKTS1_C2$d2020-07-08$eKoopman$oKTS1 C2.42 06C01$p20137159$r2021-01-12 00:00:00$w2021-01-12$yBOO
=999  \\$d1238

