=LDR  01344aam a2200265   4500
=001  1239
=008  221003s1896\\\\|||a||||\||||\00|\j\fre\d
=041  \\$afre
=100  \\$aMaupassant, Guy de$d1850-1893$4aut$1http://www.wikidata.org/entity/Q9327$913462
=245  \\$aContes et nouvelles
=260  \\$aParis$bCharpentier; Fasquelle$c1896
=300  \\$a[vi]-385-[2] pages$bgilt edges, 2 etchings
=500  \\$aOriginally published in feuilletons, 1875-91
=500  \\$atales and short stories
=500  \\$ahttp://maupassant.free.fr/contes3.htm
=500  \\$a2 etchings after Pierre-Georges Jeanniot  (1848–1934)
=505  \\$gContains Boule de Suif, L'Héritage, Marroca, Histoire d'une fille de ferme, Mademoiselle Fifi, Le retour, Deux amis and La Ficelle.
=590  \\$aAvec deux dessins de Jeanniot Gravés à l'eau-forte par F. Massé
=648  \0$a19th Century (1801-1900)$1http://www.wikidata.org/entity/Q6955$920935
=650  \0$aShort story$1http://www.wikidata.org/entity/Q49084$925095
=650  \0$aLiterature$1http://www.wikidata.org/entity/Q8242$94439
=651  \0$aFrance$1http://www.wikidata.org/entity/Q142$9131
=942  \\$cBOO
=952  \\$00$10$2ddc$40$6KTS_1_000000000000000_C2_42_06C02$70$8RAR$91239$aORPH$bORPH$cKTS1_C2$d2020-07-08$eKoopman$l0$oKTS1 C2.42 06C02$p20139552$r2021-01-12 00:00:00$w2021-01-12$yBOO
=999  \\$d1239

