=LDR  02842aam a2200253   4500
=001  1240
=008  221003s1621\\\\||||||||\||||\00|\mdlat\d
=041  \\$alat
=100  \\$aAusonius, Decimus Magnus$dc. 310-c. 395$4aut$1http://www.wikidata.org/entity/Q234593$96773
=245  \\$aOpera
=260  \\$aAmsterdam$bJansz$c1621
=300  \\$a237-[3] pages$bengraved title page, bound in white vellum$c10x5 cm
=500  \\$aAusonius (4th century) was a Roman poet and teacher of rhetoric 
=505  \\$gEpigrammata Ausonii de diversis rebus. About 120 epigrams on various topics -- Ephemeris. A description of the occupations of the day from morning till evening, in various meters, composed before 367. Only the beginning and end are preserved -- Parentalia. 30 poems of various lengths, mostly in elegiac meter, on deceased relations, composed after his consulate, when he had already been a widower for 36 years -- Commemoratio professorum Burdigalensium or Professores. A continuation of the Parentalia, dealing with the famous teachers of his native Bordeaux whom he had known -- Epitaphia. 26 epitaphs of heroes from the Trojan war, translated from Greek -- Caesares. On the 12 emperors described by Suetonius -- Ordo urbium nobilium. 14 pieces, dealing with 17 towns (Rome to Bordeaux), in hexameters, and composed after the downfall of Maximus in 388 -- Ludus VII Sapientium. A kind of puppet play in which the seven wise men appear successively and have their say -- The so-called Idyllia. 20 pieces are grouped under this arbitrary title, the most famous of which is the Mosella -- Eglogarum liber. A collection of all kinds of astronomical and astrological versifications in epic and elegiac meter -- Epistolarum liber. 25 verse letters in various meters -- Ad Gratianum gratiarum actio pro consulatu. Prose speech of thanks to the emperor Gratian on the occasion of attaining the consulship, delivered at Treves in 379 -- Periochae Homeri Iliadis et Odyssiae. A prose summary of Homer's Iliad and Odyssey, attributed to but probably not written by Ausonius -- Quinti -- Cyherii -- Hadriani -  Vita Ausonii
=561  \\$aEx libris Carritt (manuscript)
=648  \0$aClassical Antiquity (8th Century BC-6th Century AD)$1http://www.wikidata.org/entity/Q486761$921435
=648  \0$a17th Century (1601-1700)$1http://www.wikidata.org/entity/Q7016$920923
=650  \0$aPoetry$1http://www.wikidata.org/entity/Q482$93026
=650  \0$aRhetoric$1http://www.wikidata.org/entity/Q81009$93894
=650  \0$aBiography$1http://www.wikidata.org/entity/Q36279$91927
=856  \\$uhttps://books.google.be/books?id=GtMPAAAAQAAJ$3Google Books
=942  \\$cBOO
=952  \\$00$10$2ddc$40$6KTS_1_000000000000000_C2_42_06C03$70$8RAR$91240$aORPH$bORPH$cKTS1_C2$d2020-07-08$eKoopman$l0$oKTS1 C2.42 06C03$p20139553$r2021-01-12 00:00:00$w2021-01-12$yBOO
=999  \\$d1240

