=LDR  02887aam a2200337   4500
=001  1241
=008  221003s1633\\\\|||b||||\||||\00|\0blat\d
=041  \\$alat
=100  \\$aCurtius Rufus, Quintus$d1st century AD$4aut$1http://www.wikidata.org/entity/Q5959$95907
=245  \\$aHistoriarum libri
=246  \1$aHistoriae Alexandri Magni
=246  \1$aHistories of Alexander the Great
=246  \1$aHistoriarum Alexandri Magni Macedonis Libri Qui Supersunt
=246  \1$aAll the Books That Survive of the Histories of Alexander the Great of Macedon
=260  \\$aLeiden$bElsevier$c1633
=300  \\$a[xiv]-364-[24] pages$bleather bound, embossed in gold, engraved title page, folding map
=500  \\$aRare and attractive early 17th-century edition of Histories of Alexander the Great (Latin: Historiae Alexandri Magni) -- a biography of Alexander the Great written by Roman historian Quintus Curtius Rufus, dating to the 1st century. More fully title is Historiarum Alexandri Magni Macedonis Libri Qui Supersunt, "All the Books That Survive of the Histories of Alexander the Great of Macedon".
=500  \\$aIncluding a nice engraved title page, a woodcut portrait of Alexander the Great, and abeautiful folding map of his conquests.
=500  \\$aQuintus Curtius Rufus was a Roman historian, probably of the 1st century, author of his only known and only surviving work, Historiae Alexandri Magni, "Histories of Alexander the Great", or more fully Historiarum Alexandri Magni Macedonis Libri Qui Supersunt, "All the Books That Survive of the Histories of Alexander the Great of Macedon." Much of it is missing. Apart from his name on the manuscripts, nothing else certain is known of him. This fact alone has led philologists to believe that he had another historical identity, to which, due to the accidents of time, the link has been broken. A few theories exist. They are treated with varying degrees of credibility by various authors. Meanwhile, the identity of Quintus Curtius Rufus, historian, is maintained separately.
=504  \\$acontains index
=590  \\$aaccuratissime editi
=600  \0$aAlexander the Great$d356 BC-323 BC$1http://www.wikidata.org/entity/Q8409$925096
=648  \0$aClassical Antiquity (8th Century BC-6th Century AD)$1http://www.wikidata.org/entity/Q486761$921435
=648  \0$a17th Century (1601-1700)$1http://www.wikidata.org/entity/Q7016$920923
=650  \0$aHistory$1http://www.wikidata.org/entity/Q309$921403
=650  \0$aBiography$1http://www.wikidata.org/entity/Q36279$91927
=856  \\$uhttps://books.google.be/books?id=8gHO_Mi3yjcC$3Google Books
=856  \\$uhttps://books.google.be/books?id=BK5SAAAAcAAJ$3Google Books
=942  \\$cBOO
=952  \\$00$10$2ddc$40$6KTS_1_000000000000000_C2_42_06C04$70$8RAR$91241$aORPH$bORPH$cKTS1_C2$d2020-07-08$eKoopman$l0$oKTS1 C2.42 06C04$p20139554$r2021-01-12 00:00:00$w2021-01-12$yBOO
=999  \\$d1241

