=LDR  03124aam a2200373   4500
=001  1243
=005  20250923161048.0
=008  221003s1749\\\\|||g||||\||||\00|\p\fre\d
=041  \\$afre
=059  \\$av
=100  \\$aValette, Jean-Philippe$d16?9-1750$4aut$95910
=245  \\$aRecueil de fables choisies, dans le goût de M. de La Fontaine.$bSur de petits airs & vaudevilles connus, notés à la fin pour en faciliter le chant.
=250  \\$a2nd ed.
=260  \\$aParis$bLottin$bButard$c1749
=300  \\$a[vi]-332-[4]-32 pages$bmusic examples
=500  \\$aThe author's name is revealed on a copy held at the Musée Médard
=500  \\$aIn the 18th century, the importance of the fable as a pedagogical or instructional medium was emphasised by authors as well as by fable theorists. In his article in the Encyclopédie, Marmontel cites, for example, the definition of the "fable apologue" as instruction disguised as an allegory of an action.
=500  \\$aIn the abundant theoretical writings of classicism on fable, the sung versions of fables are never mentioned, although it is a very important genre that served not only in public education, but also in family and social life. In the pedagogical field, its importance is comparable to the spiritual canticle which, through the catechism and the hymn books, was a very effective and highly esteemed teaching instrument of a national character cultivated in the 18th century only in France and in the countries under French cultural influence
=500  \\$aOnly the timbre is indicated and the tunes in musical notation without bass are added as an appendix. The 300 fables are part of the tradition of fables published in hundreds, or other published collections containing 300 vaudevilles or songs. The figure of 300 is therefore not unique either in the context of fable or vaudeville. Valette's collection is a structured whole. The 300 fables are not a simple collection, but a real anthology, for which the prologue and the 300th fable - entitled Le poëme et l'apologue - provide the framework.
=563  \\$aLeather binding with gilt edges and decorations, heavily damaged during 2024 digitization
=590  \\$aNouvelle édition, Revue, corrigée & augmentée
=600  \0$aLa Fontaine, Jean de$d1621-1695$94934
=648  \0$a18th Century (1701-1800)$1http://www.wikidata.org/entity/Q7015$920899
=650  \0$aAria$1http://www.wikidata.org/entity/Q178122$921592
=650  \0$aSong$1http://www.wikidata.org/entity/Q7366$94164
=650  \0$aContrafactum$1http://www.wikidata.org/entity/Q1783270$922210
=650  \0$aVaudeville$1http://www.wikidata.org/entity/Q17118203$921841
=650  \0$aMoral education$1http://www.wikidata.org/entity/Q25457248$93171
=650  \0$aPoetry$1http://www.wikidata.org/entity/Q482$93026
=651  \0$aFrance$1http://www.wikidata.org/entity/Q142$9131
=942  \\$cBOO
=952  \\$00$10$2ddc$40$6KTS_1_000000000000000_C2_43_06C06$70$8RAR$91243$aORPH$bORPH$cKTS1_C2$d2020-07-08$eKoopman$l0$oKTS1 C2.43 06C06$p20139557$r2021-01-12 00:00:00$w2021-01-12$yBOO
=999  \\$d1243
=533  \\$aDigitized by iGuana, Spring 2025.

