=LDR  02251aam a2200325   4500
=001  1244
=008  211119i17261728\\\|||||\||||\00|\p\dut\d
=041  \\$adut
=245  \\$aThirsis Minnewit 1-3 &  De Vrolyke Zang-Godin
=260  \\$aAmsterdam$bde Groot$bvan Heekeren$bvander Putte$c1726-28
=300  \\$a4 vols.in 1 ([viii]-160-164-[4]-[viii]-160-160-[4] pages)$bleather bound, embossed, engraved title pages
=500  \\$aThis was such a popular collection that the word 'minnewit' became synonymous with any Dutch songbook (see Natascha Veldhorst, 'Zingend door het leven: het Nederlands liedboek in de Gouden Eeuw' [Amsterdam University Press, 2009], 129)
=500  \\$aTitle page of vol.4 'De Vrolyke Zang-Godin' is missing. Subtitle "Opheffende veelderhande Ernstige en Boertige GESANGEN, Kusjes en Drink-liederen Op de Nieuwste en meest-bekende Zangwysen". [1733-1760] 
=505  \\$gThirsis Minnewit  Eerste Deel 1728 -- Thirsis Minnewit Tweede Deel 1726 -- Thirsis Minnewit  Derde Deel (s.d.) --  De Vrolyke Zanggodin (s.d.)
=534  \\$aThirsis Minnewit originally published in 3 vols. 1708 (see 09F16), 1710 and 1711
=534  \\$aVrolyke Zang-Godin originally published in 1713
=590  \\$aBestaande in een versameling der moyste minne-zangen en voysen
=590  \\$aOpheffende veelderhande Ernstige en Boertige GESANGEN, Kusjes en Drink-liederen Op de Nieuwste en meest-bekende Zangwysen
=648  \0$a18th Century (1701-1800)$1http://www.wikidata.org/entity/Q7015$920899
=650  \0$aSong$1http://www.wikidata.org/entity/Q7366$94164
=650  \0$aContrafactum$1http://www.wikidata.org/entity/Q1783270$922210
=650  \0$aPoetry$1http://www.wikidata.org/entity/Q482$93026
=651  \0$aNetherlands$1http://www.wikidata.org/entity/Q55$9173
=856  \\$uhttps://books.google.be/books?id=8eZWAAAAcAAJ$3vol. 1
=856  \\$uhttps://books.google.be/books?id=PQ1dAAAAcAAJ $3vol. 2
=856  \\$uhttps://books.google.be/books?id=0qZZAAAAcAAJ $3vol. 3
=856  \\$uhttps://books.google.be/books?id=LOdWAAAAcAAJ$3vol.4
=942  \\$cBOO
=952  \\$00$10$2ddc$40$6KTS_1_000000000000000_C2_43_06C07$70$8RAR$91244$aORPH$bORPH$cKTS1_C2$d2020-07-08$eKoopman$oKTS1 C2.43 06C07$p20139558$r2021-01-12 00:00:00$w2021-01-12$yBOO
=999  \\$d1244

