=LDR  01401aam a2200265   4500
=001  1245
=008  221004s1646\\\\||||||||\||||\00|\0dlat\d
=041  \\$alat
=100  \\$aThysius, Antonius $d1603-1665$4aut$1http://www.wikidata.org/entity/Q606745$925101
=245  \\$aMemorabilia, celebriorum veterum rerum publicarum
=250  \\$a1st ed.
=260  \\$aLeiden$bMare$c1646
=300  \\$a[xiv]-704 pages$bbound in white vellum
=500  \\$a"Memorable, famous, early public affairs, a Treatise on Public Law concerning the Power of the Prince"
=500  \\$amassive, +700-page book
=500  \\$aThysius Junior was Professor of Poetry at Leiden from 1637 and later state historiographer, as well as rectore magnifici (chancellor) of Leiden University from 1658-1659
=590  \\$aAccessit Tractatus Iuris Publici de Potestate Principis
=650  \0$aHistory$1http://www.wikidata.org/entity/Q309$921403
=650  \0$aLaw$1http://www.wikidata.org/entity/Q7748$93727
=650  \0$aPolitics$1http://www.wikidata.org/entity/Q7163$921826
=856  \\$uhttps://books.google.be/books?id=GH9TAAAAcAAJ$3Google Books
=856  \\$uhttps://archive.org/details/bub_gb_vordYOgvTgkC$3Internet Archive
=942  \\$cBOO
=952  \\$00$10$2ddc$40$6KTS_1_000000000000000_C2_43_06C08$70$8RAR$91245$aORPH$bORPH$cKTS1_C2$d2020-07-08$eKoopman$l0$oKTS1 C2.43 06C08$p20139559$r2021-01-12 00:00:00$w2021-01-12$yBOO
=999  \\$d1245

