=LDR  01564aam a2200301   4500
=001  1246
=008  210302s1804\\\\be\g||||\||||\00|\0\fre\d
=041  \\$afre
=059  \\$av
=100  \\$aCalvin, Jean$d1509-1564$4aut$1http://www.wikidata.org/entity/Q37577$95913
=245  \\$aLes Pseaumes de David
=250  \\$aNouvelle Édition
=260  \\$aGeneva$bDufour$c1804
=300  \\$a544 pages$bmusic examples$c4x8 cm
=500  \\$aThe Genevan psalter was first published by Calvin in 1539 and was enhanced in 1543 by Clément Marot and Theodore de Bèze. In 1587 a further and definitive revision was led by de Bèze and Corneille Bonaventure Bertram.
=504  \\$acontains index
=563  \\$aGilt edges
=648  \0$a19th Century (1801-1900)$1http://www.wikidata.org/entity/Q6955$920935
=650  \0$aCalvinism$1http://www.wikidata.org/entity/Q101849$923719
=650  \0$aPsalm$1http://www.wikidata.org/entity/Q12497663$92164
=651  \0$aGeneva (Switzerland)$1http://www.wikidata.org/entity/Q71$923443
=653  \\$azonder fermate$3wb$938167$020139560$w06C09
=700  \\$aMarot, Clément$d1496-1544$1http://www.wikidata.org/entity/Q108926$95914
=700  \\$aBèze, Théodore de$d1519-1605$1http://www.wikidata.org/entity/Q314981$96017
=700  \\$aBertram, Bonaventure Corneille$d1531-1594$1http://www.wikidata.org/entity/Q27064349$95916
=942  \\$cBOO
=952  \\$00$10$2ddc$40$6KTS_1_000000000000000_C2_43_06C09$70$8RAR$91246$aORPH$bORPH$cKTS1_C2$d2020-07-08$eKoopman$l0$oKTS1 C2.43 06C09$p20139560$r2021-01-12 00:00:00$w2021-01-12$yBOO
=999  \\$d1246

