=LDR  04682aam a2200793   4500
=001  1248
=005  20251029143422.0
=008  220425s1740\\\\||||||||\||||\00|\0\fre\d
=041  \\$afre
=100  \\$aLe Blanc, Hubert$dfl. 1740$4aut$1http://www.wikidata.org/entity/Q3142048$95918
=245  \\$aDéfense de la basse de viole contre les entreprises du violon et les prétentions du violoncel
=260  \\$aAmsterdam$bMortier$c1740
=300  \\$a[vi]-148-[10] pages$btitle page in red and black ink
=500  \\$aHubert Le Blanc (fl. 1740) was a French viol player, doctor of law and abbé. Strongly regretting that viol playing was falling out of fashion, he wrote this treatise as an Apology for the viola da gamba
=561  \\$aTon Koopman bought this copy in Paris, together with Jordi Savall: "There was one book we both wanted, and luckily we found two copies and bought them both: Hubert le Blanc's ... (published in Holland, as were many books by French authors of the mid-eighteenth century)." (Koopman 2016, 671)
=563  \\$aModern binding in white vellum
=648  \0$a18th Century (1701-1800)$1http://www.wikidata.org/entity/Q7015$920899
=650  \0$aOrganology$1http://www.wikidata.org/entity/Q899293$921400
=650  \0$aViola da gamba$1http://www.wikidata.org/entity/Q96066477$93955
=651  \0$aFrance$1http://www.wikidata.org/entity/Q142$9131
=653  \0$aBlavet$349, 51, 55, 99, 100, 101, 103, 137$020139562$w06C11$929624
=653  \0$ablokfluit$374, 75$020139562$w06C11$929645
=653  \0$abeiaard$376-79, 92$020139562$w06C11$929377
=653  \0$acello$3wb, 34, 35, 36, 46, 77$020139562$w06C11$930344
=653  \0$acontinuo$35, 32, 34$020139562$w06C11$930685
=653  \0$aCorelli, A.$33, 8, 9, 10, 15, 16, 95, 103, 118$020139562$w06C11$930736
=653  \0$aCuzzoni$324, 51, 122?$020139562$w06C11$930878
=653  \0$adiminutie$395, 96, 100$020139562$w06C11$931086
=653  \0$adwarsfluit$349, 51, 55, 74, 100, 101$020139562$w06C11$931340
=653  \0$adynamiek$348$020139562$w06C11$931346
=653  \0$aemotie$318, 48$020139562$w06C11$931444
=653  \0$aprima vista$321$020139562$w06C11$936203
=653  \0$aForqueray$33, 4, 5, 20, 25, 26, 29, 40, 59, 57, 58, 59, 83, 102, 103, 104, 124$020139562$w06C11$931825
=653  \0$aFrans-Italiaans$33, 7, 9, 10, 13-15, 18etc, 43$020139562$w06C11$931874
=653  \0$astreektechniek$323, 24, 32, 48$020139562$w06C11$936623
=653  \0$astuderen$320, 21$020139562$w06C11$936657
=653  \0$agamba$3wb, 57, 58, 109-148$020139562$w06C11$931995
=653  \0$aGeminiani$343, 95, 96, 102, 103$020139562$w06C11$932109
=653  \0$atemperatuur$350, 54, 55$020139562$w06C11$936807
=653  \0$aviool$3wb, 41, 46, 47, 105$020139562$w06C11$937605
=653  \0$aimitatie$317$020139562$w06C11$933047
=653  \0$avolume$347$020139562$w06C11$937724
=653  \0$ajongenssopraan$310$020139562$w06C11$933241
=653  \0$azang_als voorbeeld$39, 13, 49$020139562$w06C11$938080
=653  \0$azuiverheid$350, 53, 55, 141-145$020139562$w06C11$938176
=653  \0$arondeau$312$020139562$w06C11$938539
=653  \0$aLeclair, J.M.$350, 52-54, 84, 94, 117, 120, 127, 128, 141, 144$020139562$w06C11$933972
=653  \0$aluit$371, 72, 73, 107$020139562$w06C11$934262
=653  \0$aLully, J.B.$33, 48, 69, 77, 78$020139562$w06C11$934276
=653  \0$aMarais, M.$32, 3, 4, 6, 7, 10, 11, 23, 25, 28, 29, 30, 38, 39, 59, 83, 104$020139562$w06C11$934441
=653  \0$aMatho$322$020139562$w06C11$934525
=653  \0$amessa di voce$324, 48, 49$020139562$w06C11$934702
=653  \\$aBordoni, Faustina$324, 51$921646$020139562$w06C11
=653  \\$aCouperin, François$310, 34$96241$020139562$w06C11
=653  \\$aGuignon$394$932477$020139562$w06C11
=653  \\$aklankschoonheid$383$933439$020139562$w06C11
=653  \\$aklassificatie van muziekinstrumenten$371-79$933447$020139562$w06C11
=653  \\$aklavecimbelspel$372$933543$020139562$w06C11
=653  \\$aklaveciniste$337$933548$020139562$w06C11
=653  \\$aMichel, Mr. $33, 10, 15, 16, 104, 118, 127, 131$934744$020139562$w06C11
=653  \\$apizzicato$323$936007$020139562$w06C11
=653  \\$aSenaillé$3127$939049$020139562$w06C11
=653  \\$asnaardikte_viool$332$939184$020139562$w06C11
=653  \\$aSomis$343, 95, 96, 97$936355$020139562$w06C11
=653  \\$atrombetta marina$333$937185$020139562$w06C11
=856  \\$uhttps://books.google.be/books?id=rT30AAAAMAAJ$3Google Books
=942  \\$cBOO
=952  \\$00$10$2ddc$40$6KTS_1_000000000000000_C2_43_06C11$70$8RAR$91248$aORPH$bORPH$cKTS1_C2$d2020-07-08$eKoopman$oKTS1 C2.43 06C11$p20139562$r2021-01-12 00:00:00$w2021-01-12$yBOO
=999  \\$d1248

